2806 4550
167 159 209 223 12

165 370 296 450 τούτοις.
337 376 379 441 70
400 375 438 445 τὰ
465 376 557 446 κοινά
587 382 694 446 δίκαια
717 378 893 464 ἀφανίζειν.
928 380 967 443 ’ίῖ
991 378 1222 466 καταφεύξεται

164 496 198 573 ἐς
220 496 275 565 τὸν
296 501 377 585 βίον.
412 500 456 566 80
477 498 688 586 μαγγανεύειν
709 502 762 568 καὶ
784 506 979 588 φανακίζειν.
1016 504 1060 567 86
1087 503 1134 578 εἶς
1166 501 1223 593 την
1266 489 1270 496 ’

164 618 281 705 ὁμοίαν
302 620 390 705 τάξιν
411 620 497 713 αύτῷ
520 618 599 709 ἄγει.
634 624 679 689 95
705 620 726 691 o‘
746 627 848 715 δῆμος
875 631 1028 696 νουθετεῖ
1050 624 1124 702 τούς
1152 625 1222 694 ε’νο-

164 748 320 829 γλούντας
338 744 454 815 ἑαυτὸν
481 745 648 835 θορύβοις.
683 748 725 813 97
759 746 889 835 φθόνον
910 748 1088 827 ἀσκοῦντες.
1118 751 1222 817 Multo

164 869 317 936 audacior
331 878 441 938 orator
454 874 487 938 in
510 873 741 939 transferendis
763 874 869 941 verbis
890 874 941 941 his
963 873 1026 940 fuit
1048 875 1134 960 §57
1165 871 1222 943 τόν

164 993 215 1063 cisi
236 992 438 1081 βουλόμενον
459 984 542 1064 εἶναι
564 993 707 1086 πονηρόν
729 1000 953 1086 παιδοτριβεῖν.
1000 1001 1043 1064 10
1072 994 1139 1088 tta
1161 1004 1219 1084 βα·

164 1121 244 1203 δίζει
264 1139 306 1184 ευ.
329 1114 353 1210 ηε
373 1124 520 1211 πονηρία
551 1121 589 1185 11
620 1119 738 1212 ταύτην
764 1118 822 1212 την
842 1118 967 1211 ἡμέραν
988 1120 1219 1214 παρακαταθή·

162 1268 223 1333 κην
244 1240 374 1326 ἔνορκον
395 1241 545 1334 εἰληφός.
582 1244 624 1309 19
640 1247 702 1312 τῶν
715 1240 825 1329 νόμων
838 1242 958 1331 κόσμος
973 1245 1218 1334 συνταράττεται.

164 1368 207 1432 24
240 1363 353 1451 ίταμὸν
375 1363 435 1454 γὰρ
456 1362 479 1456 ἦ
500 1371 647 1457 πονηρία.
690 1367 735 1432 25
756 1369 885 1437 λέλυται
912 1367 1025 1449 πάντα,
1055 1368 1218 1459 άνίφκται,

162 1495 358 1575 συγκέχυται.
391 1493 431 1556 41
455 1490 638 1560 ἐπίστανται
653 1489 753 1582 τούτῳ
771 1494 1049 1579 διαβαπτίζεσθαι.
1081 1494 1125 1559 42
1145 1492 1219 1578 ἐμοὶ

164 1610 295 1705 δοκεῖη
314 1612 409 1692 πόλις
431 1614 489 1703 άφ’
512 1602 554 1685 ού
574 1615 673 1686 πάλιν
693 1620 878 1708 δημηγορεῖ,
900 1619 1154 1705 πολιορκεῖσθαι.
1176 1617 1217 1685 ib.
1286 1625 1289 1629 ’

162 1738 252 1825 λόγοι
284 1738 467 1818 στασιώδεις
493 1741 547 1809 καὶ
575 1740 777 1831 ταραχώδεις.
819 1744 862 1809 46
885 1746 917 1809 τί
944 1744 1057 1811 τοῦτον
1084 1741 1218 1830 ύκονᾷςς

162 1866 204 1932 47
222 1865 427 1950 εἰσαγγελίαν.
440 1863 618 1942 ἀνασείσας.
646 1865 689 1931 ts
705 1861 884 1944 ἄσπειστος,
900 1864 1075 1952 άνίδρυτος,
1088 1861 1218 1951 ἄμικτος

162 2013 208 2059 so.
228 1991 312 2060 ἐστίν
331 1990 563 2079 Ἀριστογείτων.
601 1990 643 2057 57
668 1987 711 2068 τίς
734 1990 837 2069 πολύς
859 1995 932 2080 παρ’
953 1988 1032 2083 η’μῖν
1054 1989 1146 2059 ἔπνει
1164 1990 1217 2058 καὶ

161 2113 317 2203 λαμπρός.
358 2116 402 2182 80
429 2111 475 2182 aiv
499 2113 677 2204 ἐπίληπτος
699 2111 786 2205 πόση
809 2118 958 2204 πορηρίρ.
988 2115 1029 2181 ib.
1053 2110 1091 2183 όν
1113 2117 1216 2183 οἰωνί-

161 2246 241 2313 σαιτ’
260 2239 301 2311 άν
322 2265 367 2320 τις
389 2278 430 2290 -
455 2237 540 2309 ῖδοίν.
574 2240 617 2307 82
633 2241 730 2307 ταῦτα
751 2249 890 2329 γεωργεῖ,
919 2241 1017 2308 ταῦτα
1046 2238 1215 2325 ἐργάζεται.

162 2369 281 2448 Quibus
314 2367 468 2435 absolutis
501 2365 544 2432 ad
578 2364 844 2455 άλληγορῖαν,
878 2366 898 2431 i.
921 2387 949 2434 ε.
976 2366 1019 2432 ad
1050 2366 1084 2432 id
1116 2384 1218 2452 genus

160 2494 404 2563 translationum
432 2491 620 2569 transimus,
657 2490 744 2575 quod
774 2467 863 2569 „non
889 2498 940 2558 est
966 2491 1001 2555 in
1024 2492 1091 2557 'uno
1119 2492 1216 2558 verbo

164 2617 332 2694 translata,
354 2614 411 2680 aad
438 2635 479 2681 aa
500 2614 645 2698 plun'bns
673 2614 866 2680 continuatis
890 2614 1096 2680 conectitur.“
1138 2614 1215 2701 (Oia

160 2745 190 2809 d.
214 2748 295 2808 orat.
317 2739 375 2817 ΙΙΙ,
398 2737 488 2823 166.)
517 2728 602 2816 Quas
625 2754 733 2802 omnes
756 2754 828 2805 oum
850 2736 979 2818 longum
1000 2738 1043 2803 sit
1063 2736 1215 2803 hocloco

160 2884 359 2950 componore,
381 2861 550 2928 nonnullas
573 2879 690 2944 sasque
711 2859 913 2943 gravissimas
939 2860 1108 2944 protulisse
1135 2863 1216 2927 satis

158 2994 277 3063 habeo:
321 2994 372 3075 ἐξ.
393 2987 437 3054 52
460 2982 630 3074 πορεύεται
651 2983 705 3055 διά
733 2987 789 3078 της
817 2983 934 3074 άγοράς
962 2982 1069 3072 ὥσπερ
1098 2982 1166 3068 ἔχις
1192 3011 1213 3075 η

160 3119 311 3207 σκορπίος
331 3110 435 3205 ήρκώς
457 3109 492 3180 τό
514 3114 652 3197 κέντρον,
682 3105 783 3199 ᾄττων
811 3111 906 3196 δεύρο
933 3109 1215 3194 κάκεῖσεφσκοπῶν

159 3248 220 3313 τίνι
242 3236 413 3326 συμφορὰν
433 3231 456 3328 ἢ
478 3240 689 3328 βλασφημίαν
708 3234 732 3328 ἢ
753 3234 852 3303 κακόν
879 3258 908 3300 π
935 3232 1215 3323 προστριψάμενος

159 3368 212 3437 καὶ
233 3361 429 3455 καταστήσας
450 3365 497 3440 εἰς
512 3359 618 3448 φόβον
638 3358 789 3445 άργόριον
807 3356 1018 3443 εἰσπράξεται.
1041 3361 1080 3425 61
1098 3359 1215 3452 νεαλὴς

158 3492 196 3563 δὲ
218 3491 271 3558 καὶ
292 3485 475 3578 πρόσφατος
498 3482 543 3553 ὢν
564 3484 684 3561 ἐκεῖνος
705 3484 821 3573 περιῆν
841 3480 940 3558 αύτού
953 3487 1215 3566 τεταριχευμένου

157 3618 210 3687 καὶ
232 3610 335 3684 πολύν
357 3610 473 3700 χρόνον
494 3607 747 3698 ἐμπεπτωκότος.
793 3608 865 3674 Alio
894 3608 966 3674 Ιοοο
989 3608 1024 3694 (β
1055 3606 1122 3694 90.)
1144 3614 1212 3671 tur-

158 3745 304 3812 bulentos
327 3732 550 3822 Aiistogitonis
576 3756 681 3803 moras
707 3735 759 3801 his
787 3733 892 3800 verbis
920 3733 1073 3816 explicat:
1117 3731 1214 3797 ταῦτα

159 3871 266 3938 τοίνυν
285 3864 340 3953 ’Δρ
362 3858 402 3933 τοὶ
423 3863 527 3938 καλῶς
549 3857 632 3929 ούτω
660 3855 827 3949 πεπηγότα
857 3859 895 3949 τῇ
927 3853 1022 3942 φύσει
1044 3901 1051 3916 .
1075 3904 1082 3918 .
1107 3904 1114 3917 .
1136 3862 1219 3921 κινεῖ

159 3994 212 4061 καὶ
234 3990 360 4074 ἀναιρεῖ
372 3987 424 4055 καὶ
446 3989 660 4074 μεταρρίπτει,
688 3983 741 4051 καὶ
763 3978 785 4051 ἃ
806 3984 868 4049 τῶν
889 3976 993 4048 ἄλλων
1014 3978 1076 4059 τάιν
1097 3975 1215 4067 ἠτυχη-
