2768 4520
1175 154 1196 218 3

135 365 186 432 ιιοὶ
209 368 271 432 τῶν
292 359 398 431 ἄλλων
422 366 515 431 ἰδεῶν
537 366 598 430 τῶν
620 360 656 428 ἐν
670 371 736 439 ταῖς
751 357 928 452 ῥητορείαις
942 337 1195 450 διαίομιιοοοῶν

81 478 84 483 ³
134 490 186 555 καὶ
208 485 280 566 τούς
303 486 478 564 ἀκούοντος
500 486 774 577 ἐπισημαίνεσθαι
795 485 849 553 καὶ
877 493 1034 575 θορυβεῖν
1056 488 1192 574 ἀναγκο-

136 615 260 696 ζοοοιίν
286 611 437 701 (Paneth.
467 616 487 695 ς
523 614 560 698 2)
582 613 616 677 in
638 611 862 679 Demosthenis
883 613 1080 681 orationibus
1107 611 1196 680 haud

134 737 319 820 frequentor
341 742 469 810 extant3
492 733 675 833 volubiliter
689 755 790 820 usqne
805 743 839 802 et
852 737 955 822 polite
970 758 1072 804 sermo
1088 739 1194 805 eneis

135 863 195 941 Qui
218 862 346 947 quidem
370 863 430 927 etsi
445 862 636 945 eonspersus
652 867 701 927 est
715 862 808 945 qussi
826 842 994 928 verborum
1008 863 1194 948 imaginum·

135 1006 196 1069 que
210 984 351 1063 floribus,
365 984 399 1049 hi
421 990 528 1051 temen
543 1006 608 1050 non
623 985 843 1070 aequabiliter,
866 986 947 1052 siout
962 986 996 1051 in
1010 986 1072 1054 hae
1086 989 1193 1072 priore

135 1109 380 1194 Aristogitonis,
411 1130 470 1194 per
502 1114 606 1176 totam
638 1090 816 1175 orationem
850 1108 912 1175 tusi
945 1116 1036 1188 sunt,
1069 1110 1126 1177 sed
1147 1111 1196 1178 ite

136 1233 277 1301 deonoti
293 1306 295 1311 ,
310 1241 367 1313 „ut
401 1235 465 1299 sint
499 1235 592 1317 quasi
625 1234 659 1300 in
694 1240 812 1300 ornatu
846 1234 1002 1319 disposite
1035 1237 1195 1320 quaedam

135 1359 255 1425 lumina
278 1364 312 1426 et
332 1360 420 1425 feces
441 1357 611 1424 dioendi.“¹
640 1359 678 1424 ln
701 1356 816 1442 quibus
839 1359 1095 1426 similitudinibus
1115 1359 1195 1425 hoec

132 1487 204 1549 tote
226 1484 328 1549 oratio
351 1505 386 1550 se
407 1484 520 1561 instat,
542 1486 580 1548 ut
600 1480 726 1549 flosculi
748 1483 974 1569 potiusquam
1001 1483 1096 1550 liores
1125 1506 1194 1551 ser·

137 1607 242 1673 monis
265 1608 338 1686 sint,
361 1608 400 1673 iis
422 1628 519 1691 quom
542 1627 617 1672 raro
632 1606 863 1675 Demosthenes
885 1628 960 1674 usus
976 1610 1028 1687 sit,
1049 1608 1196 1693 profecto

133 1730 168 1795 in
190 1729 325 1814 legendo
346 1725 524 1797 miraberis(
565 1729 680 1797 Proonl
701 1730 756 1797 ille
777 1729 868 1798 abest
896 1753 917 1798 ε
945 1733 1039 1816 eopia
1065 1739 1194 1800 senten·

132 1855 265 1934 tiorum,
297 1842 380 1938 qnae
414 1853 673 1939 philosophorum
706 1855 799 1921 modo
833 1854 874 1921 ab
910 1855 1006 1921 huius
1040 1858 1195 1923 orationis

131 1983 266 2044 anctore
288 1979 392 2046 verbis
414 1979 556 2044 insertae
584 1978 710 2065 sunt*),
730 1979 848 2081 ¹proeul
880 1979 923 2045 eb
953 1980 1098 2055 omnibus
1126 2001 1194 2047 sm·

132 2102 277 2186 bogibus
299 2103 415 2189 quibus
438 2103 521 2171 alter
542 2123 770 2187 nonnunquam
793 2107 909 2187 turget

224 2244 391 2310 Accedunt
428 2246 492 2310 alia
530 2267 549 2310 a
587 2244 810 2313 Demosthenis
847 2253 964 2312 natura
1003 2247 1197 2330 ingenioque

136 2369 252 2435 aliene,
274 2369 359 2435 Nam
375 2390 572 2452 quamquam
589 2375 719 2435 constat
741 2389 864 2436 summa
878 2370 967 2436 illum
988 2369 1140 2454 religione
1163 2375 1196 2437 et

131 2494 256 2578 pietate
284 2514 362 2578 erge
395 2494 471 2559 deos
505 2493 603 2560 inisse
636 2514 755 2577 eosque
788 2495 974 2578 frequentor
1006 2493 1193 2575 celebrasse,

129 2628 242 2685 temen
264 2620 383 2686 nullam
406 2619 583 2685 orationem
605 2619 673 2684 eius
687 2617 853 2696 habemus,
868 2619 903 2684 in
916 2618 1048 2703 qua'tot
1062 2626 1195 2704 temque
1239 2629 1242 2633 ’

130 2743 223 2810 vatia
244 2744 373 2808 numina
397 2722 595 2821 invocantur,
623 2749 720 2826 atque
748 2743 782 2807 in
812 2743 874 2809 heo
901 2748 1014 2810 eontra
1042 2745 1195 2830 Atistogi·

128 2876 241 2935 tonem
261 2865 383 2933 habita.
433 2867 511 2945 Quis
540 2888 686 2951 unquam
713 2867 836 2932 audivit
864 2866 1111 2936 Demosthenem
1139 2869 1195 2936 ob-

129 2998 290 3061 testatum
308 2989 512 3078 Ἆδράστειαν,
534 2989 710 3074 Εὐνομίαν,
733 2994 846 3080 Δίνην,
875 2992 985 3058 neseio
1008 3013 1090 3075 ques
1113 2993 1194 3059 elias

131 3117 233 3182 deas?
279 3115 319 3181 of.
349 3119 400 3198 ἕξ.
432 3116 475 3179 10
502 3136 548 3197 sq.
571 3113 623 3178 35.
652 3113 705 3178 37.
728 3112 772 3179 52
802 3135 848 3196 sq.
899 3113 977 3191 Quis
1010 3114 1096 3198 apud
1123 3136 1196 3184 eum

131 3243 211 3326 legit
244 3241 326 3308 adeo
361 3239 541 3306 cumulatas
581 3239 694 3305 summi
726 3236 780 3303 dei
812 3238 1057 3317 obsecrationes,
1084 3240 1195 3324 quales

130 3368 242 3433 insunt
263 3366 298 3430 in
320 3367 471 3431 orationis
493 3370 544 3451 ἐξ.
567 3365 720 3430 77-79?

225 3490 262 3556 In
290 3491 399 3556 multis
427 3491 574 3558 eonvieiis
602 3490 716 3573 quibus
745 3495 857 3556 orator
882 3508 971 3556 reum
998 3495 1094 3554 vexat
1130 3488 1195 3555 iem

131 3616 289 3700 Taylorue
312 3614 452 3681 offendit.
498 3615 612 3692 „Dum
635 3613 748 3696 inquit,
772 3613 995 3696 Aristogitonis
1017 3633 1122 3679 mores
1145 3614 1192 3677 in·

208 3898 233 3965 ⁸)
252 3900 284 3954 ef.
303 3901 348 3968 gg.
370 3904 402 3952 to
421 3916 475 3967 sqq.
496 3899 584 3965 (schol.
607 3900 668 3974 περὶ
687 3898 825 3966 ἀπονοίας)
847 3900 882 3952 87
906 3913 960 3965 sqq.
982 3897 1193 3962 11.68.(εε1ιο1.

129 3989 194 4059 περὶ
213 3984 362 4054 (irretientis.)
381 3992 421 4056 75].

1003 4090 1033 4142 1*
