2768 4520
1142 144 1186 208 25

138 359 199 431 est3
230 357 341 440 itaque
376 363 484 423 emtor
518 378 558 423 ea
593 362 718 422 tantum
752 376 836 440 quae
869 357 934 422 iarn
961 362 1067 423 ‘antea
1099 355 1186 423 dieta

141 484 229 545 erant
270 478 475 547 mnfirmarit.
546 479 626 546 Cum
658 500 768 547 ornnes
794 482 847 546 ait
877 478 983 564 legum
1014 480 1186 568 violatores

139 602 326 693 coemendos
342 625 412 671 esse
435 611 586 683 tumens,
601 605 657 690 qui
670 606 704 669 in
717 604 848 689 publico
860 624 992 671 munere
1012 612 1185 675 versentur.

138 724 246 811 Neque
267 729 371 813 magis
394 729 603 814 Aristogitoni
622 729 827 814 percendum,
850 731 1024 814 quiquam
1044 730 1129 796 male
1152 749 1187 796 se

137 852 275 932 gesserit,
304 872 322 918 e
351 851 486 938 Lycurgi
520 852 626 920 verbis
658 853 724 919 iarn
760 855 838 919 setis
875 872 1046 939 apparere:
1089 855 1186 921 immo

136 973 253 1058 legibus
285 996 378 1061 opem
411 977 574 1045 ferendam
606 999 676 1045 esse
708 984 743 1044 et
778 999 869 1045 reum
902 976 1186 1045 condemnandum.

135 1097 224 1166 Heus
238 1099 304 1167 fere
324 1122 479 1170 summam
493 1101 611 1170 habere
627 1104 868 1187 sententiarum,
883 1122 965 1187 quas
979 1101 1109 1188 quidem
1123 1118 1187 1186 quo

135 1226 231 1309 magis
271 1233 401 1310 augeret
430 1234 544 1294 orator
572 1229 731 1296 nonnullis
766 1229 918 1314 exemplis
947 1249 966 1294 e
996 1227 1187 1303 Graecorum

133 1349 265 1420 hletoria
286 1351 420 1436 sumptis
434 1351 615 1418 illustrarit
638 1352 712 1419 Jarn
734 1353 834 1432 vides,
856 1358 1057 1438 quantopere
1079 1351 1132 1418 ille
1144 1350 1187 1418 eb

135 1479 202 1541 arte
225 1480 259 1543 et
280 1475 405 1543 ratione
428 1473 638 1560 componendi
660 1475 886 1544 Demosthenis
906 1475 1059 1548 abflrerit
1104 1476 1188 1547 Nam

135 1598 259 1664 etiamsi
290 1597 394 1665 oratio
425 1603 593 1683 tamquam
627 1599 770 1684 epilogos
801 1600 859 1679 sit,
896 1604 1005 1667 temen
1033 1621 1074 1666 ne
1102 1600 1186 1670 hune

134 1720 260 1803 quidem
281 1721 323 1788 ab
344 1722 547 1807 eloquentiae
568 1723 714 1809 principe
746 1722 827 1791 adeo
854 1723 961 1791 ieiune
988 1725 1188 1810 monitorque

134 1849 277 1932 componi
299 1848 440 1932 potuisse
463 1847 611 1915 arbitror.
647 1848 812 1915 Assentior
831 1849 928 1932 igitur
942 1849 983 1915 iis
999 1849 1054 1932 qui
1068 1850 1187 1929 oratio

132 1989 204 2035 nem
225 1991 246 2036 a
267 1970 479 2040 Demosthene
501 1974 655 2073 scriptam
677 1995 748 2043 esse
771 1980 899 2059 negent.

441 2127 443 2133 V
522 2184 684 2274 Caput
711 2182 783 2255 ΙΙ
860 2270 862 2275 ⁴

212 2307 470 2378 Demosthenis
492 2309 611 2379 aetate
635 2308 791 2396 scriptas
815 2329 894 2380 esee
917 2311 1102 2384 oratlones
1197 2309 1199 2313 ’

552 2433 772 2520 disputatur.

216 2593 321 2679 Supra
347 2593 630 2660 demonstravimus
654 2614 757 2679 neque
778 2596 918 2680 priorem
945 2617 1049 2681 neque
1077 2606 1188 2684 poste·

128 2718 247 2785 riorem
278 2718 456 2785 orationem
489 2738 510 2783 a
542 2716 759 2797 Demosthene
792 2719 944 2805 scriptam
975 2740 1052 2789 essa
1094 2723 1188 2803 *Quae

40 2826 43 2833 ¹
126 2866 201 2913 omn
215 2845 262 2911 ita
284 2846 357 2923 sint,
379 2844 443 2911 iam
464 2843 556 2911 nobis
579 2844 797 2930 quaerendum
820 2851 879 2924 est,
903 2847 974 2931 quis
996 2845 1187 2915 fueritulri·

125 2989 230 3054 usque
253 2967 407 3035 orationis
441 2975 555 3035 auctor
588 2970 639 3034 vel
672 2970 789 3053 potius,
823 2991 894 3037 oum
929 2970 1010 3038 haee
1044 2978 1189 3059 quaestio

123 3092 319 3161 difficillima
340 3092 383 3159 sit
400 3091 502 3159 strix
516 3096 614 3176 queat
627 3091 755 3159 omnino
770 3091 945 3172 diiudicari,
966 3115 1030 3179 quo
1045 3102 1189 3183 tempore

125 3223 221 3286 ortae
244 3218 308 3285 sint
330 3218 501 3287 orationes.

217 3343 360 3409 Primum
381 3342 415 3408 id
436 3362 567 3411 mouere
593 3345 688 3411 velim
718 3345 783 3412 fere
813 3367 939 3424 omnes,
971 3347 1025 3431 qui
1052 3348 1190 3432 priorem

120 3468 304 3539 orationem
317 3467 539 3534 Demosthenis
566 3473 673 3536 aetate
688 3470 840 3555 scriptam
856 3491 925 3536 esse
935 3477 1062 3556 negent,
1083 3451 1191 3540 tamen

120 3594 232 3663 multa
252 3593 287 3658 in
310 3611 349 3657 ee
376 3591 480 3657 inesse
510 3590 668 3669 confiteri,
698 3614 779 3676 quae
805 3614 922 3679 magno
951 3601 1078 3661 oratore
1093 3596 1191 3683 digne

121 3703 205 3783 sint.
248 3715 333 3783 Nam
354 3721 393 3780 ut
419 3715 500 3782 ahos
523 3716 648 3783 silentio
670 3718 975 3805 praetermittam*)‚
996 3725 1189 3809 „praeclara

162 3895 236 3964 'th
255 3893 385 3954 Sohaefer
403 3894 419 3946 l.
437 3893 454 3947 l
473 3910 497 3959 p
519 3894 577 3948 125
603 3894 698 3947 Becker
719 3898 916 3952 Demosthenes
934 3901 981 3952 als
1001 3904 1188 3957 stantemque

116 3986 190 4042 med
207 3986 318 4039 Berlner
337 3992 352 4034 t
371 3984 441 4052 llp.
460 3985 520 4037 403.
