2768 4520
164 141 208 207 44

161 357 260 423 fuisse
281 357 481 425 contendam
518 361 688 425 Munerum
706 358 844 446 denique
856 364 1115 430 commemoratio
1131 383 1221 429 areo

162 481 285 548 civitati
311 502 374 548 non
402 483 633 566 praestitorum
661 483 841 550 oratoribus
874 486 988 552 Atticis
1010 491 1079 552 tam
1101 486 1223 552 usitata

162 604 233 682 fuit,
267 611 304 672 ut
326 626 457 672 causam
490 626 554 672 non
589 607 725 686 videam,
759 630 857 675 eure
889 609 1042 676 Dinarchi
1073 609 1221 675 oratione

160 733 340 813 surreptam
362 749 434 795 eam
462 749 542 815 esse,
563 729 803 816 arbitremur.*)
855 730 947 811 Quae
973 752 1047 798 oum
1073 732 1121 798 ita
1148 732 1220 810 sint,

160 851 246 918 haud
267 853 371 919 minus
393 860 487 921 caute
510 854 551 922 de
567 875 606 921 eo
621 855 824 922 iudicandum
839 855 931 923 nobis
948 858 1011 923 erit
1032 856 1119 941 quod
1133 857 1220 939 ipsas

160 977 335 1043 metendae
357 978 552 1044 eDinareho
565 986 712 1063 sumptas
729 979 789 1046 viri
806 978 893 1046 docti
912 983 1114 1064 putaverunt.
1145 978 1217 1059 Qua

158 1101 192 1166 in
213 1122 249 1168 re
271 1121 395 1186 semper
415 1102 546 1168 miratus
568 1122 649 1180 sum,
667 1106 820 1186 quantam
837 1105 1060 1171 auctoritatem
1075 1104 1219 1170 Wester-

158 1246 293 1291 mannus
313 1224 473 1291 Dinarcho
495 1225 636 1293 tribuere
663 1225 828 1306 studuerit,
851 1227 971 1296 scilicet
987 1227 1041 1294 ille
1068 1228 1138 1314 ipse
1161 1227 1220 1306 vir,

158 1349 214 1433 qui
234 1346 286 1427 „id
309 1369 379 1417 esse
401 1347 553 1416 Dinarchi
576 1350 742 1434 proprium
774 1356 890 1428 censet,
919 1350 1006 1435 quod
1037 1351 1116 1418 nihil
1142 1371 1219 1436 pro·

157 1472 219 1558 prii
240 1472 370 1551 habeat,
393 1471 451 1539 sed
472 1476 560 1539 totus
591 1473 634 1538 sit
659 1474 694 1539 in
721 1473 803 1552 ahie,
825 1474 970 1560 inprimis
993 1474 1219 1553 Demosthene,

156 1595 330 1682 Hyperide,
352 1597 507 1664 Aeschine
528 1592 780 1688 imitandis.“**)
811 1600 902 1680 Quae
922 1603 951 1669 si
972 1603 1044 1686 quis
1065 1602 1153 1687 legit,
1166 1600 1217 1667 fa-

158 1720 218 1786 cile
238 1719 273 1785 in
292 1720 503 1806 suspicionem
517 1721 638 1789 incidat
652 1712 851 1791 Dinarchum
874 1725 970 1790 etiam
991 1725 1052 1798 hac
1073 1725 1218 1792 cratone

157 1846 190 1911 in
214 1866 272 1912 sua
289 1846 391 1930 ipsius
413 1847 645 1917 conscribenda
667 1870 760 1915 usum
782 1848 888 1915 fuisse.
935 1849 998 1918 Sed
1019 1850 1099 1918 haec
1119 1851 1218 1919 missa

157 1971 312 2039 faciamus
327 1978 360 2038 et
374 1975 553 2041 sententias
568 1974 656 2059 ipsas
668 1995 755 2058 quae
766 1997 806 2041 ex
822 1975 1056 2043 Westermanni
1069 1975 1216 2061 opinione

156 2098 283 2181 utrique
306 2097 443 2163 orationi
467 2118 648 2164 communes
678 2103 764 2178 sunt,
788 2100 970 2165 accinctius
1001 2099 1215 2183 inspiciamus.

156 2220 297 2300 Quarum
306 2223 442 2306 primum
454 2223 602 2307 exiguum
617 2243 785 2290 numerum
799 2223 981 2291 miraberisz
1003 2243 1077 2287 nam
1092 2242 1216 2288 summa

155 2366 233 2412 cura
260 2344 405 2412 adhibita
432 2346 487 2414 ille
514 2347 601 2414 haud
625 2349 735 2433 plures
763 2371 861 2433 quam
895 2355 961 2417 tres
992 2348 1081 2419 locos
1105 2348 1215 2432 dignos
1242 2363 1246 2370 '

156 2470 213 2555 qui
245 2475 507 2555 compararentur
535 2472 730 2557 investigare
756 2472 870 2558 potuit.
925 2473 1007 2539 Tum
1036 2476 1143 2541 autem
1165 2472 1214 2539 ita

155 2595 331 2679 comparati
353 2599 437 2674 suot,
459 2602 495 2662 ut
523 2596 573 2662 bis
592 2596 726 2664 duabus
749 2596 843 2663 huius
872 2596 1023 2670 orationis
1044 2597 1212 2665 sententiis

155 2721 286 2787 diversis
301 2725 419 2787 temere
433 2722 603 2787 coniucttis
626 2742 708 2806 opus
729 2721 825 2788 fuerit
847 2721 890 2788 sd
912 2720 1109 2791 efficiendam
1122 2722 1214 2787 unius

154 2844 356 2912 Dinarohsae
400 2844 647 2912 similitudinem
670 2844 740 2935 ***)
809 2844 916 2912 Tertio
958 2845 1094 2933 denique
1141 2846 1212 2917 loco

154 2969 327 3037 similitudo
350 2990 436 3054 quas
458 2970 501 3035 sit
522 2969 669 3055 squidem
691 2991 756 3038 non
773 2968 872 3037 video.

161 3161 366 3181 Μ

224 3292 251 3359 *)
271 3291 304 3345 cf.
322 3291 385 3359 Lyc.
399 3295 426 3343 in
444 3293 563 3358 Leocr.§
583 3293 634 3346 139
652 3307 689 3359 sq.
708 3292 777 3345 Dem.
799 3295 826 3345 in
843 3291 909 3346 Mid.
927 3291 945 3360 ἕ
967 3292 1017 3344 154
1035 3285 1092 3359 sqq.
1110 3291 1166 3343 Diu.
1185 3293 1211 3343 in

155 3384 225 3436 Den.
245 3381 263 3450 g
283 3382 316 3434 81
336 3395 373 3448 sq.
393 3385 440 3432 etc.
714 3434 715 3437 Ἴ

228 3468 266 3537 u)
283 3470 372 3537 Neque
390 3469 463 3522 aliter
481 3473 578 3522 veteres
596 3468 708 3522 homines
727 3472 825 3522 criticos
848 3469 881 3523 ds
905 3469 1030 3522 Dinarcho
1053 3469 1210 3520 iudicasses

153 3560 274 3627 Dionysio
292 3557 509 3610 Halicarnassensi
527 3563 640 3624 apparet
676 3558 701 3610 Is
719 3560 785 3611 enirn
804 3556 893 3628 ..prisc
911 3560 1000 3626 inquit,
1019 3554 1127 3631 εὑρετὴν
1138 3558 1209 3610 tdtov

153 3649 298 3722 γεγονέναι
311 3643 478 3722 χαρακτῆρος
493 3641 539 3699 τὸν
557 3645 646 3720 ἄνδρα
665 3676 700 3686 -
717 3645 781 3716 μήτε
805 3643 857 3700 mir
879 3644 1034 3721 εὑρημένων
1055 3645 1151 3720 ἑτέροις
1170 3664 1209 3698 τε·

155 3727 272 3802 istoria
297 3753 355 3808 περ.
392 3743 514 3806 Δειναρχ.
549 3749 571 3789 c.
590 3735 603 3787 Ι
621 3751 646 3802 p.
665 3735 726 3789 629.
762 3734 839 3787 Adde
871 3751 893 3788 c.
911 3735 936 3789 V
953 3751 977 3803 p.
998 3736 1050 3790 639
1069 3749 1106 3803 sq.
1132 3748 1155 3788 o.
1172 3733 1210 3787 VI

154 3826 321 3980 mdia.
340 3912 354 3965 1
371 3914 398 3965 u
416 3909 462 3967 Ar.
482 3912 519 3980 §s
539 3915 555 3964 r
574 3915 599 3964 a
622 3913 654 3965 ro
672 3910 728 3964 0011.
748 3926 769 3964 c
789 3911 846 3965 oin.
865 3914 880 3976 s
899 3912 929 3977 43
955 3925 990 3963 οἳ·
1011 3910 1025 3963 1
1043 3908 1080 3978 hd
1099 3911 1116 3964 6
1136 3913 1161 3963 ⁰²
1173 3911 1209 3965 ⁹⁸

154 4004 209 4057 coll.
229 4020 250 4058 c.
270 4003 327 4055 Diu.
347 4000 365 4069 ὅ
387 4001 427 4055 19.
