2768 4520
161 381 291 443 prorsus
313 363 395 428 inter
417 385 451 429 se
474 363 661 430 commutati
683 363 754 441 sint,
777 368 883 428 tamen
905 380 999 427 nemo
1025 368 1094 427 tam
1114 348 1221 427 audax

163 484 232 562 erit,
244 493 281 555 ut
298 487 382 553 illius
395 490 512 555 erroris
528 509 625 554 eausa
640 487 800 554 orationes
815 487 940 573 spurias
955 486 1152 553 iudicaturus
1167 488 1220 552 sit.

178 632 189 642 ·
251 612 341 679 Haec
363 614 429 680 fere
453 620 536 691 sunt,
559 635 642 697 quae
670 612 747 678 viris
776 612 877 677 doctis
905 611 1135 678 dubitationem
1165 620 1219 679 at·

163 736 300 801 tulerint.
368 737 484 804 Cetera
520 760 602 821 quae
636 740 669 802 in
704 738 849 804 oratione
883 737 1047 820 leguntur,
1076 739 1141 804 sive
1176 740 1220 804 ad

163 858 280 925 iudicia
302 866 335 926 et
365 862 451 946 leges
485 866 632 946 spectant
665 862 730 927 sive
762 861 805 926 ad
838 882 889 927 res
927 861 968 926 ab
1002 862 1222 947 Aristogitone

164 993 283 1091 gestas,
305 984 440 1053 aliorum
462 989 652 1071 scriptorum
673 988 863 1053 testimoniis
892 985 1130 1052 confirmantur.
1175 986 1223 1052 Ut

164 1111 343 1194 exemplum
387 1110 535 1191 afferam,
571 1110 807 1176 animadvertes
844 1109 1015 1195 Hyperidis
1057 1108 1221 1175 decretum

163 1240 239 1317 post
267 1234 390 1302 cladem
408 1235 495 1320 apud
527 1234 746 1301 Chaeroneam
780 1234 902 1300 faetum
935 1234 1088 1317 litemque
1121 1254 1220 1318 quam

164 1356 339 1442 Aristogito
377 1360 406 1424 ei
437 1358 628 1425 intenderat
686 1359 775 1423 Haec
797 1358 852 1424 illo
881 1359 952 1442 ipso
979 1362 1131 1441 tempore,
1155 1378 1222 1441 quo

164 1480 328 1565 Lyeurgus
350 1483 602 1567 Aristogitonem
628 1503 718 1548 reum
745 1482 879 1560 feeerate
906 1488 976 1548 tam
1003 1482 1126 1546 recenti
1152 1502 1221 1546 me-

165 1605 269 1672 moria
301 1606 343 1672 ab
381 1606 527 1673 omnibus
560 1606 768 1685 tenebantur,
800 1610 846 1685 ut,
879 1627 952 1671 eum
982 1604 1067 1689 apud
1101 1603 1222 1671 iudiees

164 1728 390 1812 proferrentur,
404 1729 608 1796 vehementer
621 1751 676 1795 eos
692 1734 926 1795 commoverent
940 1748 1067 1794 neeesse
1082 1733 1175 1795 esset.

232 1854 294 1921 Sed
316 1854 381 1921 iam
402 1852 497 1918 finem
519 1852 602 1921 faeie
616 1853 758 1919 dicendis
782 1853 860 1918 satis
877 1852 960 1917 enim
974 1852 1129 1937 probasse
1144 1851 1223 1917 mihi

166 1979 277 2047 videor
298 1977 378 2045 nihil
399 1975 568 2062 prohibere
597 1977 763 2060 quominus
785 1977 869 2042 hane
891 1997 1018 2061 quoque
1047 1976 1223 2042 orationem

166 2101 403 2188 alieuiLyourgi
415 2100 543 2184 aeqimli
555 2099 742 2166 tribuemus.
757 2100 833 2180 Quis
841 2101 895 2166 ille
904 2100 1009 2177 fuerit,
1019 2099 1223 2167 eliivideantz

168 2227 315 2312 equidem
344 2224 422 2291 satis
446 2223 550 2290 habeo
584 2224 785 2308 antiquitatis
817 2228 1057 2296 monumentum
1080 2225 1225 2308 quamvis

175 2349 334 2417 mediocre
358 2353 390 2414 et
413 2347 560 2433 exiguum
580 2347 623 2414 ab
645 2348 861 2432 indignissima
881 2348 999 2414 invidia
1020 2368 1170 2415 servasse
