2768 4520
1162 106 1202 171 15

47 324 53 336 ’
146 326 448 393 husensisa.1844.
493 327 582 407 Quae
603 344 799 409 quamquam
823 326 920 390 etiem
943 323 1036 389 huius
1052 323 1203 389 orationis

146 452 278 535 propria
290 456 373 534 sunt,
392 457 501 518 tamen
524 450 610 516 haud
631 468 705 517 raro
728 470 801 515 eum
822 448 953 514 modum
974 467 1203 530 numerumque

145 575 180 640 in
209 574 399 642 adhibendis
421 576 460 640 iis
488 574 652 655 desidero,
684 595 779 658 quem
812 573 867 639 ilie
899 593 1025 656 semper
1058 572 1201 637 servarit.

146 697 217 775 Quo
240 704 365 783 speetat
385 697 464 764 illud
491 696 615 765 ἐσθίων
640 701 799 784 κατέφαγε
838 702 858 780 ξ
881 698 923 763 62
954 697 1005 761 υο1
1027 702 1131 785 (pau
1150 695 1204 763 καὶ

145 819 280 907 ἐρευνᾶν
311 828 331 906 ἕ
354 823 407 901 61,
429 842 511 906 quae
533 822 662 888 iteratio
684 822 713 887 si
733 823 768 887 in
789 821 973 887 narratione
993 840 1053 904 per
1073 841 1108 886 se
1128 820 1204 886 sim·

144 945 221 1028 pliei
242 946 389 1023 eoeurrit,
420 945 585 1012 nonsatis
615 944 858 1012 accommodata
881 964 949 1013 esse
972 943 1049 1010 inihi
1070 942 1204 1011 videtur.

145 1066 205 1133 His
227 1069 341 1135 similia
362 1076 436 1136 suant
451 1074 502 1153 ἓξ.
519 1069 562 1136 10
577 1066 616 1137 τὰ
636 1073 816 1155 προειμένα
830 1104 872 1119 ·-
886 1069 941 1136 aui
954 1105 995 1117 -
1011 1070 1204 1153 διακείμενα

146 1193 190 1259 14
215 1195 403 1278 inritatum
424 1191 585 1284 μροσόκει
619 1193 673 1261 καὶ
701 1199 896 1262 σκοπεῖσθαι
923 1196 980 1261 δεῖ.
1008 1194 1052 1259 32
1080 1190 1117 1259 ἐκ
1146 1194 1203 1260 τοῦ

146 1313 332 1403 παραδόξου
370 1316 423 1384 καὶ
461 1314 656 1403 παραλόγου.
694 1317 738 1383 33
766 1322 920 1405 θεωρεῖτε
952 1355 997 1367 -
1024 1319 1203 1403 βλέποντες.

147 1442 190 1507 47
220 1439 316 1520 αόσός
339 1439 533 1531 αὐτοχειρίᾳ.
568 1442 611 1523 ii)
630 1443 661 1510 ei
683 1445 713 1510 ό
727 1442 773 1510 ἔτι
787 1442 852 1510 ἔστι
865 1444 919 1511 καὶ
934 1440 1022 1510 ἔσται
1037 1441 1091 1507 καὶ
1105 1448 1203 1525 μενεῖ.

149 1565 192 1632 98
215 1567 470 1655 βλέψονταικαὶ
493 1565 840 1658 φυσιογνωμονήσουσι.
870 1568 911 1635 ib.
938 1571 1046 1645 ποίοις
1075 1566 1200 1655 προσό-

146 1715 222 1769 mose
235 1687 260 1782 ἧ
273 1695 354 1760 τίσιν
365 1690 554 1780 ὀφθαλμοῖς
570 1729 613 1743 --
629 1690 937 1783 ἀναβλέψεσθε
957 1697 1047 1782 (uam
1063 1699 1109 1765 sie
1131 1719 1203 1763 eum

147 1812 268 1882 Gobeto
284 1816 485 1885 scribendum
500 1822 549 1883 est
562 1838 634 1882 nor.
650 1800 769 1902 lest'p.
785 1818 875 1906 257.)
890 1820 933 1885 99
949 1818 1086 1899 ἅπαντας
1101 1827 1202 1916 κοινῇ,

147 1939 215 2004 eui
236 1941 348 2008 multa.
389 1940 505 2010 Restat
526 1946 562 2007 ut
583 1940 713 2011 afferam
735 1942 817 2009 illud
839 1942 933 2028 ἄλλό,
950 1946 1037 2029 quod
1051 1948 1086 2013 in
1098 1946 1202 2017 verbis

15 2092 16 2121 ι
145 2058 215 2129 ἀλλ’
236 2060 305 2131 orit⁶
320 2059 428 2132 όυιοόν
441 2062 499 2149 §5
521 2070 618 2149 atque
639 2071 672 2133 ln
699 2065 770 2137 ἀλλ’
791 2062 815 2159 ἤ
842 2073 863 2151 3
888 2069 930 2135 68
960 2070 1085 2155 legitur,
1106 2074 1201 2140 item·

146 2206 218 2284 que*
230 2189 355 2271 μᾶλλον
375 2194 449 2273 post
471 2192 723 2275 comparativum
745 2193 899 2278 positum3
929 2195 991 2263 uiui
1015 2200 1035 2279 ξ
1057 2198 1100 2265 39
1128 2196 1200 2264 roo·

147 2331 204 2377 του
229 2312 257 2377 δ’
280 2302 355 2378 νόου
376 2309 537 2381 πλειόνων
557 2306 632 2381 οὔτε
658 2312 817 2400 μειζόνων
834 2313 1069 2409 ἁμαρτημάτων
1096 2319 1202 2402 οὐδεὶς

146 2431 272 2516 μᾶλλόν
292 2432 359 2501 ἐστι
380 2432 504 2521 μεστός.
527 2436 609 2503 Nam
630 2438 764 2507 haeoad
777 2441 911 2507 eandem
932 2443 1113 2515 ubertatem
1136 2467 1202 2513 ser-

146 2560 250 2625 monis
271 2559 386 2638 refero,
410 2578 509 2644 quam
529 2561 593 2626 iam
616 2582 716 2646 supra
736 2563 934 2650 reprehendi.

235 2682 310 2751 Jam
332 2683 376 2753 ad
398 2683 524 2753 dioendi
546 2686 664 2770 figuras
694 2711 745 2755 me
772 2698 933 2775 converto,
976 2715 1059 2778 quae
1089 2718 1202 2780 quam·

145 2807 193 2874 vis
223 2809 402 2877 orationem
429 2817 569 2894 augeant
595 2818 694 2896 atque
723 2823 853 2896 ornent,
882 2823 990 2886 tamen
1019 2822 1046 2886 si
1074 2821 1204 2890 eaedem

144 2930 344 3017 frequentius
367 2939 546 3012 occurrunt,
568 2937 646 3000 vitio
669 2939 839 3015 vertendae
861 2948 944 3009 suut.
989 2944 1076 3010 Alias
1092 2948 1202 3013 uthoe

145 3054 218 3124 loeo
249 3057 520 3140 praetermittam,
557 3059 628 3142 quis
659 3082 801 3145 unquam
840 3065 927 3152 apud
959 3066 1204 3142 Demosthenem

145 3185 271 3247 tantam
303 3180 529 3251 όσυνδέιων
575 3204 658 3268 quae
693 3183 843 3257 dicuntur
871 3188 1082 3275 frequentiam
1116 3196 1203 3281 legit,

147 3311 273 3386 quanta
294 3306 376 3373 inest
403 3308 436 3374 in
467 3307 530 3377 hae
563 3312 728 3389 oratioue?
771 3314 833 3385 vid.
851 3322 907 3401 ἐς
943 3319 973 3384 9.
997 3321 1049 3385 20.
1073 3323 1125 3388 23.
1149 3327 1201 3390 24.

147 3428 201 3495 25.
225 3428 278 3495 26.
306 3430 359 3494 28.
388 3432 441 3498 36.
473 3433 527 3498 41.
555 3437 609 3502 49.
637 3436 691 3503 50.
720 3440 772 3507 52.
801 3442 854 3507 94.
883 3443 935 3510 95.
964 3450 1024 3510 sto.
1074 3448 1134 3526 An,
1169 3455 1204 3514 ut

147 3552 343 3619 eontrarium
365 3556 536 3638 proferam,
557 3561 628 3642 quis
649 3561 750 3629 multa
778 3563 1051 3637 πολυσόνδεσα
1079 3571 1200 3653 laudet,

147 3676 263 3755 quibus
286 3679 388 3744 oratio
411 3679 576 3749 abundat?
622 3683 662 3749 of.
692 3690 734 3769 θῇ
756 3688 787 3752 4.
812 3688 841 3752 9.
866 3690 917 3755 10.
941 3694 992 3757 11.
1012 3693 1060 3761 16.
1077 3697 1132 3761 24.
1148 3699 1203 3764 26.

148 3794 202 3862 52.
238 3802 289 3867 90.
325 3808 385 3869 eto.
449 3804 518 3871 Neo
551 3807 654 3873 minus
687 3810 721 3873 in
757 3811 866 3878 multis
907 3825 1203 3905 παρονομασίας

149 3927 302 4008 exemplis
324 3927 460 4007 offendo,
485 3931 600 4014 quibus
627 3932 873 4004 Demosthenem
898 3942 976 4007 satis
1005 3963 1079 4009 raro
1110 3966 1204 4012 usum
