2768 4520
216 132 258 196 22

306 345 379 424 54.
417 342 516 433 ὑπὲρ
547 343 651 431 ὑμᾶς
679 349 830 432 φρονῶν
856 367 914 430 pro
947 342 1158 435 ὑπερφρονῶν
1191 343 1272 431 niueis

218 465 338 534 dietum
361 471 445 553 apud
467 471 715 546 Demosthenem
738 490 801 536 non
824 477 921 538 extat.
938 472 976 537 ef.
999 471 1078 537 Xen.
1095 470 1164 554 Cyn
1182 470 1270 547 VIII,

221 590 251 669 7,
274 592 294 656 3
317 588 401 681 ὑπὲρ
424 588 601 679 ἄνθρωπον
622 602 759 682 φρονεῖν.

309 723 350 800 §5
373 717 395 785 5
418 725 451 784 et
467 718 526 801 25.
572 725 832 805 πειθαρχεῖν,
856 719 994 785 obedire.
1026 719 1121 785 Isoer.
1144 718 1200 796 111,
1221 718 1270 781 13.

207 837 299 943 ¹Xen.
323 863 414 908 mem.
438 843 550 922 111,5,
575 845 625 919 19.

308 970 328 1055 ς
366 968 396 1031 7.
452 964 734 1060 ὕπερπλήθης,
778 969 971 1035 immodicus.
1008 954 1178 1035 Niooehar.
1222 988 1271 1049 ep.

211 1085 333 1169 Athen,
358 1090 388 1169 7,
411 1093 475 1159 328
498 1094 533 1157 Ε.

308 1213 351 1280 ib.
396 1222 642 1305 προχείρως,
672 1220 829 1304 expedite,
865 1227 992 1286 temere.
1023 1219 1061 1284 cf.
1091 1217 1205 1284 nesah.
1240 1218 1275 1281 in

221 1333 379 1405 Timarch.
403 1346 422 1424 ξ
443 1343 495 1411 22.
518 1342 670 1429 Hyperid.
693 1344 749 1423 IV,
774 1345 826 1424 15,
848 1345 870 1410 9
897 1346 931 1409 in
953 1343 1186 1417 westermanni
1207 1339 1276 1405 ind.

220 1481 323 1543 graee.
347 1464 430 1550 Hyp.

216 1658 220 1667 .
309 1589 410 1669 917.
462 1597 785 1680 παροργίζεσθαι
826 1592 906 1682 πρός
933 1617 1018 1671 τινα,
1055 1594 1173 1658 iratum
1204 1611 1274 1656 esse

221 1707 378 1794 Theophr.
401 1714 473 1782 hist.
496 1718 538 1800 pl.
563 1718 593 1797 9,
617 1719 669 1796 16,
688 1721 717 1784 6.
1368 1798 1369 1803 ¹

287 1840 307 1917 ξ
331 1838 381 1903 19.
405 1838 944 1925 e'noveioeovoc,ignominiosus.
957 1840 997 1907 os.
1008 1841 1102 1906 Isoer.
1114 1841 1187 1918 XII,
1201 1840 1276 1905 106.
1368 1902 1369 1905 ,

287 1959 328 2024 ib·
352 1975 577 2051 περιποιεῖν
590 1966 799 2032 conservandi
815 1964 1045 2050 signifioaIIone
1061 1966 1146 2048 apud
1156 1964 1275 2033 Demo·
1368 1954 1369 1981 ³

221 2082 438 2155 sthenemssme
460 2091 565 2175 legere
586 2113 650 2156 non
668 2092 813 2166 memini3
836 2090 935 2155 sicubi
950 2091 984 2153 in
999 2091 1066 2154 eius
1082 2076 1277 2155 orationibus

224 2219 321 2292 extat,
342 2208 448 2299 potins
468 2217 655 2283 vertendum
678 2223 741 2283 est:
765 2204 993 2302 operandam,
1020 2214 1143 2281 efficere
1157 2221 1195 2279 ut
1210 2236 1279 2282 rem

215 2335 341 2404 habeas
365 2361 443 2408 eave
473 2344 603 2426 potiare.
628 2343 667 2408 ef.
691 2364 735 2407 or.
759 2342 798 2408 de
821 2341 922 2408 Rhod.
945 2341 1048 2408 liberi
1073 2347 1093 2424 ξ
1119 2343 1156 2405 11
1182 2346 1214 2404 ei
1237 2342 1279 2406 de

222 2484 327 2528 coron.
353 2470 374 2547 ξ
396 2467 448 2531 49.
484 2466 674 2550 Saepissime
709 2473 830 2532 autem'
854 2466 941 2550 apud
975 2465 1108 2531 eundem
1138 2465 1279 2531 medinm
1366 2492 1367 2497 ¹

216 2594 465 2672 περιποιεῖσθαι
487 2595 632 2659 occurrit.

218 2717 242 2776 .’
311 2713 353 2778 ib.
376 2716 644 2803 διαβοᾶσθαι,
667 2717 833 2784 clamando
854 2721 988 2784 certare.
1034 2715 1176 2782 Medium
1190 2716 1281 2782 nullo
1365 2760 1366 2813 ,

216 2839 287 2904 elio
298 2841 369 2906 loeo
380 2842 493 2921 inveni,
506 2843 644 2909 activum
652 2843 769 2927 legitur
782 2841 869 2926 apud
880 2840 1114 2925 Thueyd.VIII,
1127 2841 1169 2907 53
1182 2846 1215 2906 et
1226 2840 1281 2907 78.
1365 2828 1366 2879 1

291 2971 308 3043 §
331 2966 382 3030 22.
400 2963 550 3058 ιὶγεννή
555 2992 587 3047 ς,
602 2968 747 3052 degener.
763 2964 843 3035 Plat.
860 2969 987 3050 Proteg.
1004 2989 1033 3050 p.
1051 2966 1116 3031 319
1131 2965 1168 3032 D.
1179 2964 1281 3050 Gorg.
1365 2948 1366 2995 1

223 3111 255 3173 p.
279 3089 345 3154 645
366 3090 402 3156 Β.
425 3097 459 3156 et
481 3094 615 3178 saepius.

313 3218 396 3294 523.
419 3214 764 3305 ὕπερβάλλόντως,
781 3217 902 3282 eximie.
920 3217 959 3283 ef.
975 3216 1073 3282 Isoer.
1088 3216 1113 3293 1,
1132 3215 1189 3290 28;
1206 3213 1282 3293 XII,

226 3340 256 3403 8.
280 3338 416 3406 Omnino
437 3343 590 3426 respicias
612 3340 880 3425 praepositionem
901 3337 984 3427 ὕπερ
1006 3346 1073 3406 tem
1095 3340 1286 3423 frequenter
1363 3318 1364 3411 1

224 3588 346 3654 sitionis
361 3596 484 3672 partem
500 3584 889 3679 ε111οἰ1(ὕπερπλήθηςο1
909 3584 1170 3676 ὑπερβαλλόντως
1184 3587 1285 3653 modo
1362 3564 1363 3595 ³

225 3462 266 3528 ab
288 3471 415 3530 oratore
438 3465 625 3532 adhibitam.
649 3466 734 3531 Nem
748 3470 878 3549 praeter
893 3486 948 3531 eos
971 3466 1068 3544 locos,
1084 3464 1139 3529 ubi
1152 3485 1284 3548 compo-

221 3710 373 3800 elendona)
396 3714 547 3797 singulari
563 3714 657 3780 modo
681 3714 815 3780 eandem
839 3735 912 3779 eum
935 3714 1117 3780 accusativo
1133 3713 1286 3777 eoniune-
1359 3598 1363 3765 1

224 3842 291 3902 tem
313 3837 392 3921 legis
415 3846 432 3917 ᾖ
449 3838 490 3904 15
511 3834 595 3926 tinio
610 3836 683 3915 τούς
698 3834 814 3915 ἄλλοις
829 3826 919 3908 εἶναι.
943 3838 983 3903 of.
1001 3838 1083 3902 Plnt.
1099 3838 1177 3921 legg.
1194 3836 1286 3951 VIII,

225 3985 254 4044 p.
280 3962 396 4026 8391)
421 3958 502 4051 ιῖπὲρ
525 3957 700 4047 ἄνθρωπον
722 3950 813 4031 εἶναι.
843 3964 938 4028 Isoer.
962 3962 1015 4039 lv,
1041 3963 1090 4026 11.
1360 4022 1361 4025 ,
