2768 4520
1126 122 1167 185 37

112 330 358 419 ψευδεγνραφῆς
391 348 507 421 causae
539 330 626 394 exitu
657 330 689 393 in
724 329 867 394 oratione
900 329 1039 396 traditur
1071 333 1165 414 §73

112 451 312 537 Quamquam
333 453 417 521 enim
440 454 561 519 nullum
575 452 728 519 habemus
751 454 968 519 testimonium
995 475 1059 538 quo
1087 454 1167 519 illud

110 575 241 659 probari
261 579 375 664 possit,
403 584 512 645 tamen
543 577 692 643 similium
723 598 891 647 causarum
923 578 1010 643 exitu
1032 580 1166 646 oratoris

110 699 213 765 verbis
235 700 332 768 fidem
353 702 462 768 facere
493 702 643 786 cogimur.
689 700 743 787 (cf.
765 699 906 766 Boeckh.
930 702 1165 769 staatsaauelr.

109 826 132 887 t
155 823 172 888 Ι
194 844 225 907 ρ.
247 825 449 912 ool-510.)
1016 906 1018 911 ‚

154 946 228 1014 Jam
242 947 283 1015 de
298 948 478 1017 debitorum
493 948 606 1033 capitis
621 947 835 1014 deminutione
849 945 998 1036 (cicuta),
1009 947 1049 1013 de
1058 948 1166 1015 multis

111 1068 154 1135 ab
177 1073 380 1140 exactoribus
408 1073 442 1137 in
463 1072 583 1156 templo
596 1071 761 1137 Minervae
770 1070 939 1155 assignatis
962 1070 1019 1157 (βξ
1041 1072 1093 1138 28.
1111 1072 1167 1161 70)

109 1195 329 1281 similibusque
340 1196 498 1281 quachuc
509 1199 655 1277 spectant
667 1194 819 1258 institutis
830 1215 895 1259 non
906 1194 1056 1279 estquod
1068 1195 1164 1262 disse·

107 1339 187 1384 ram.
233 1319 323 1398 Quae
346 1340 418 1386 cum
440 1317 586 1385 omnibus
607 1323 685 1383 nota
707 1322 784 1384 sunt
796 1323 865 1383 tum
880 1317 1062 1385 certissimis
1076 1320 1166 1386 testi·

42 1480 44 1485 ·
107 1443 224 1510 moniis
239 1443 476 1510 confirmantur.
505 1441 570 1510 Sed
584 1440 721 1509 fortasse
737 1441 897 1526 quispiam
912 1441 946 1506 in
961 1441 1166 1527 inscriptione
1182 1505 1184 1509 ,

107 1588 131 1633 s
157 1567 378 1635 thesmothetis
412 1567 499 1634 facte
530 1561 682 1644 offendet
715 1586 812 1649 quam
839 1565 900 1631 hac
923 1567 994 1632 sola
1023 1550 1186 1635 oratione

105 1691 258 1758 traditam
279 1692 413 1777 legimus
436 1696 456 1776 5
479 1691 533 1758 28.
556 1690 643 1770 Quos
666 1710 796 1756 monere
823 1690 918 1757 velim
946 1690 1007 1757 hoc
1033 1693 1166 1759 notandi

104 1835 206 1898 genus
228 1818 386 1883 artissime
409 1837 482 1882 cum
503 1836 538 1881 re
560 1814 729 1880 iudiciaria
752 1814 991 1882 Atheniensium
1013 1821 1165 1886 coniunc-

105 1943 178 2004 tum
209 1939 318 2008 fuisse.
374 1941 458 2008 Nam
486 1963 559 2008 cum
586 1939 820 2006 thesmothetae
852 1940 1014 2024 plerisque
1040 1943 1166 2010 iudiciis

102 2063 335 2147 praesiderent,
356 2066 484 2131 uomina
506 2084 561 2131 eos
584 2069 618 2130 et
638 2063 772 2128 multam
795 2082 906 2129 eorum
930 2065 986 2148 qui
1015 2036 1165 2133 condem-

103 2158 175 2279 nati
194 2194 286 2254 erant
306 2191 340 2255 in
367 2190 599 2255 commentariis
626 2189 692 2253 suis
719 2187 894 2254 inscribere
927 2209 1057 2277 necesse
1085 2197 1164 2258 erat.

103 2313 294 2380 Boeolrh.l.
318 2286 531 2400 l.1'p.510.
587 2312 709 2391 Quibus
738 2312 887 2396 inspectis
915 2320 1079 2382 exactores
1106 2339 1164 2404 pe·

103 2445 219 2510 cuniae
240 2445 422 2525 exegerrmt
467 2438 535 2506 Nec
558 2438 655 2524 plane
672 2439 710 2502 ⁴in
737 2438 800 2504 hac
833 2459 868 2504 re
901 2438 955 2506 lex
987 2442 1166 2508 omittenda

67 2636 71 2640 ,
101 2574 171 2647 est,
205 2569 304 2651 quem
341 2563 505 2631 Aeschinis
540 2563 677 2630 orationi
709 2563 742 2627 in
774 2562 976 2630 Timarchum
1009 2567 1165 2635 insertam

100 2693 303 2774 habemus§
333 2690 376 2757 35
409 2686 468 2759 ἐὰν
488 2689 701 2778 καταγνωσθῇ
723 2685 822 2756 αὐτοῦ
848 2686 990 2778 κρύβδην
1017 2700 1163 2781 ψηφιζο-

99 2819 221 2902 μένων,
243 2813 493 2903 ἐγγραψάτωσαν
515 2816 548 2880 oi
571 2810 723 2901 πρόεδρον
744 2820 809 2889 τοῖς
831 2811 1029 2904 sedatorem.
1073 2817 1163 2895 Quae

99 2961 299 3028 quamquam
321 2939 429 3023 spuria
458 2942 517 3017 est,
544 2944 654 3003 tamen
689 2958 729 3002 ex
763 2943 919 3005 accurata
955 2939 1034 3004 iuris
1066 2941 1164 3008 Attici

98 3068 222 3136 notitia
243 3065 388 3151 profecte
409 3080 478 3129 esse
500 3063 633 3131 videtur.
1215 3045 1218 3048 Α

194 3190 335 3256 Transeo
357 3187 399 3253 sd
421 3186 502 3254 alias
524 3208 576 3254 res
597 3185 685 3253 haud
706 3186 810 3250 minus
832 3184 947 3269 dignas
963 3206 1047 3270 quae
1066 3209 1162 3258 accu-
1186 3279 1189 3285 Α

95 3325 176 3388 rate
208 3319 452 3400 pertractentur.
515 3312 692 3398 Explicatis
732 3310 957 3395 Aristogitonis
988 3313 1161 3406 sceleribus

97 3447 214 3512 orator
234 3459 255 3505 a
275 3436 430 3504 iudicibus
452 3437 618 3522 postulat·
630 3440 668 3500 ut
690 3455 763 3502 eum
785 3436 960 3502 secundum
975 3435 1061 3520 leges
1076 3440 1162 3524 oapi·

95 3570 143 3635 tis
168 3565 378 3632 condemnent
393 3567 450 3627 aut
465 3566 556 3627 tanta
570 3560 709 3644 pecunia
723 3559 860 3624 multent
874 3564 1028 3643 quantam
1042 3562 1163 3629 solvere

94 3712 167 3758 non
182 3688 316 3774 possit§
329 3686 381 3752 92.
404 3685 478 3752 Jam
492 3707 532 3751 ex
543 3683 695 3750 Dinarchi
708 3684 852 3750 oratione
867 3684 901 3749 in
915 3683 1162 3770 Aristogitonem

95 3818 233 3882 constat
254 3815 290 3900 (ξ
313 3812 370 3897 13)
392 3832 482 3877 reum
502 3815 603 3875 morte
626 3828 692 3874 non
721 3806 882 3887 affectum,
911 3809 969 3874 sed
997 3810 1161 3877 undecim·

93 3938 178 4005 viris
199 3937 233 4002 in
256 3936 434 4004 custodiam
455 3933 610 4001 traditum
643 3953 723 4000 esse.
768 3933 867 4017 Atqui
894 3953 913 4000 e
940 3935 1162 4003 Demosthenis
