2768 4520
204 153 248 218 40

207 385 306 432 eausa
320 387 398 452 opus
417 388 479 433 non
497 373 576 434 orat.
600 366 713 450 Neque
726 367 808 432 enim
826 365 1080 432 extraordinaria
1091 364 1153 429 fuit
1165 382 1266 447 neque

207 489 341 557 deerant
363 498 471 558 certae
493 492 578 576 leges
594 490 766 559 seeundum
789 512 872 575 quas
895 490 935 556 de
950 489 1164 572 Aristogitone
1179 486 1263 551 iudi-

207 615 272 679 cari
294 622 411 698 posset.
441 618 590 702 Sequitur
610 617 717 701 igitur,
740 623 777 682 ut
802 637 965 682 sumamus
986 616 1138 700 populum
1157 620 1265 680 tuma

210 737 304 804 solito
318 740 466 824 iustoque
481 740 645 808 iudicandi
659 762 750 807 more
772 741 941 807 recessisse
958 746 990 805 et
1012 738 1076 805 duo
1099 758 1263 804 causarum

207 880 324 944 genera
333 884 393 947 per
403 885 438 929 se
449 864 575 932 diversa
584 864 775 931 confudisse.
791 864 864 929 Jam
875 864 1022 947 quaestio
1033 864 1145 940 orimr,
1156 867 1264 927 utrum

206 1007 259 1053 res
287 988 334 1053 ita
361 995 398 1054 ut
425 997 535 1056 orator
562 988 656 1055 docet
685 1011 719 1056 se
741 989 860 1056 habore
881 989 1022 1074 potuerit
1050 1009 1092 1053 an
1119 984 1263 1051 confusio

207 1109 264 1176 illa
278 1114 463 1195 posterioris
479 1112 640 1198 scriptoris
662 1114 807 1180 inscitiae
829 1112 998 1179 tribuenda
1021 1112 1071 1177 sit.
1106 1109 1264 1194 Equibus

207 1236 363 1318 angustiis
384 1242 421 1303 ut
442 1258 501 1305 nos
524 1238 739 1323 expediamus,
761 1238 884 1322 longius
907 1237 994 1303 abire
1016 1254 1149 1302 necesse
1173 1240 1231 1299 est.

261 1356 394 1427 Constat
404 1361 480 1429 inde
492 1384 512 1428 a
522 1362 608 1430 bollo
619 1364 888 1448 Peloponnesiaco
903 1361 1142 1427 Atheniensium
1158 1378 1266 1424 mores

206 1481 254 1548 ita
276 1482 447 1552 effrenatos
468 1508 546 1567 esse,
580 1493 617 1553 ut
643 1493 786 1554 veterum
819 1487 966 1552 instituta
998 1486 1146 1569 logosque
1178 1481 1266 1548 haud

208 1626 280 1672 raro
290 1629 420 1692 prorsus
431 1612 644 1696 neglegerent,
666 1609 790 1690 Πολλά,
804 1611 909 1696 inquit
923 1611 1080 1677 Isocrates
1093 1606 1266 1696 (cOallim.

211 1738 247 1810 ἐξ
262 1732 292 1797 9.
309 1733 367 1822 10)
381 1733 469 1821 παρὰ
491 1733 621 1824 γνώμην
643 1734 679 1804 ἐν
697 1744 763 1810 τοῖς
787 1737 998 1822 δικαστηρίοις
1021 1731 1191 1819 ἂποβαιιει
1213 1729 1268 1798 καὶ

209 1851 258 1921 ὅτι
272 1853 351 1947 τύχῃ
373 1861 498 1943 μᾶλλον
511 1856 535 1948 ἢ
550 1884 592 1948 eq
614 1862 726 1947 δικαίῳ
741 1861 879 1945 κρίνεται
893 1854 932 1924 τὰ
947 1856 1022 1943 παρ’
1039 1852 1122 1940 οἷμον.
1168 1855 1266 1922 Cuius

207 1980 416 2052 immanitatis
425 1985 614 2051 >testimonia
632 1990 708 2049 sunt
722 1984 842 2049 iniusta
864 1987 976 2048 eontra
988 2001 1043 2046 sex
1057 1980 1267 2063 imperatores

207 2103 247 2170 lis
270 2110 304 2170 et
332 2109 521 2193 supplicium
550 2110 693 2194 Ergoclis
728 2108 769 2174 ab
803 2109 872 2192 ipso
904 2107 1021 2192 populo
1053 2107 1087 2171 in
1120 2108 1267 2174 contione

208 2229 422 2299 condemnati.
478 2234 552 2318 [ρο.
581 2254 627 2299 or.
656 2232 801 2299 XXVIII.
824 2237 859 2296 et
884 2252 932 2297 or.
960 2229 1079 2308 XXIX,
1108 2232 1129 2296 2
1155 2229 1267 2316 Ἐργο-

208 2356 321 2432 κλέους
344 2354 397 2423 διὰ
420 2359 512 2424 τοῦτο
535 2352 626 2442 ὑμεῖς
648 2355 794 2425 θάνατον
814 2351 1131 2445 κατεχειροτονήσατε
1151 2381 1179 2420 κ,
1195 2378 1220 2421 τ.
1235 2356 1267 2421 λ.

210 2479 262 2543 12.
308 2480 440 2547 Morbus
463 2482 518 2549 ubi
542 2482 641 2548 semel
663 2481 696 2546 in
719 2478 946 2566 rempublicam
973 2479 1110 2562 irrepsit,
1143 2481 1176 2545 in
1197 2479 1268 2556 dies

179 2576 309 2670 ‘crevit
336 2613 368 2672 et
395 2627 476 2672 nova
504 2609 713 2691 gravioraque
749 2606 835 2671 mala
868 2604 1062 2690 procreavit
1118 2605 1266 2689 Denique

208 2728 314 2794 omnia
335 2729 412 2795 iuris
443 2737 541 2815 atque
571 2730 667 2796 officii
688 2731 840 2814 repagula
861 2729 1022 2814 pertracta
1042 2736 1121 2795 sunt
1149 2736 1181 2796 et
1203 2751 1265 2813 pro

208 2850 331 2937 legibus
344 2861 377 2921 et
388 2854 545 2921 modestia
556 2853 654 2922 libido
665 2860 698 2921 et
709 2854 959 2939 intemperantia
978 2854 1156 2920 valuerunt
1181 2853 1265 2932 Quid

207 2975 322 3046 mirum
334 2980 577 3067 quodpopulus,
587 2979 644 3046 ubi
657 2980 706 3045 ira
719 2983 752 3045 et
767 2978 873 3045 odium
883 2979 926 3045 ad
941 2978 1102 3046 libidinem
1121 2980 1266 3057 accessit,

207 3104 326 3171 iustum
352 3106 540 3172 iudiciorum
569 3105 713 3172 ordinem
741 3110 774 3170 et
797 3105 955 3170 rationem
978 3110 1046 3168 tum
1066 3125 1193 3188 quoque
1214 3103 1266 3169 in-

207 3229 395 3312 terpellarit.
417 3233 539 3315 Nempe
553 3232 667 3316 plenus
677 3234 746 3294 erat
759 3228 822 3294 odii
836 3228 987 3295 adversus
999 3229 1265 3313 Aristogitonemz

207 3359 327 3420 namet
339 3355 438 3421 exhis
450 3329 690 3421 orationibuset
702 3343 1050 3419 exDinarcheaelucet
1062 3353 1266 3420 Atheniensi-

208 3478 268 3544 bus
282 3478 371 3545 illum
382 3480 519 3545 invisum
532 3478 629 3543 fuisse
651 3477 968 3560 molestissimumque
992 3478 1264 3543 calumniatorem.

207 3602 319 3688 Neque
338 3606 422 3671 enim
443 3609 570 3672 tantum
590 3604 707 3670 multos
730 3603 770 3669 de
792 3602 886 3687 plebe
909 3603 1064 3686 homines,
1088 3603 1265 3669 sedetiam

207 3728 291 3794 viros
319 3729 539 3797 celeberrimos
567 3729 821 3814 reipublicaeque
849 3726 1055 3811 magistratus
1084 3726 1264 3794 cavillando

209 3858 242 3919 et
263 3853 446 3920 accusando
468 3854 700 3922 insectabatur.
746 3853 836 3931 Quae
859 3873 931 3918 oum
953 3853 1001 3917 ita
1024 3852 1097 3930 sint,
1119 3851 1208 3918 litem
1230 3852 1266 3917 in

208 4001 280 4046 oum
297 3999 335 4046 eo
346 3979 414 4046 fere
425 3980 521 4049 modo
530 3979 710 4047 institutam
723 3995 792 4043 esso
802 3975 954 4059 suspicor,
969 3979 1005 4039 ut
1015 3996 1086 4042 cum
1099 3974 1263 4060 quondam
