2768 4520
1158 125 1197 189 41

145 337 178 401 in
196 338 341 405 contione
355 343 482 424 praeter
498 338 547 404 fas
567 337 642 426 (οὐκ
661 335 735 422 ἐξὸν
749 335 834 425 αὐτῷ
850 337 980 424 λέγειν),
1002 338 1202 423 impudenter

147 462 246 530 verba
266 461 391 530 fecisset
406 470 440 531 et
461 462 537 529 huic
559 464 608 530 vel
630 462 677 530 illi
693 461 927 541 maledixisset,
941 462 1102 548 Lycurgus
1118 464 1202 530 exsi-

147 590 249 653 steret
264 606 400 671 eumque
415 607 474 672 per
489 585 622 671 ἔνδειξιν
644 606 679 652 se
702 590 929 651 accusaturum
952 606 1022 652 esse
1037 586 1201 654 clamaret.

147 709 228 777 Tum
242 713 396 795 populum
412 731 577 777 assensum
598 730 690 776 suam
706 710 807 794 ipsius
818 729 945 775 causam
957 730 1029 775 cum
1039 710 1095 778 illo
1112 731 1200 779 com·

146 835 325 901 municasse
348 836 440 920 eique
450 835 493 901 ad
507 834 687 919 augendam
700 834 911 902 accusationis
926 833 990 901 vim
1004 834 1202 921 eiouyyela'og

144 978 233 1024 more
255 964 408 1044 patronos
430 958 571 1043 elegisse.
616 959 718 1038 Quam
741 959 950 1043 suspicionem
973 963 1011 1023 ut
1030 932 1201 1043 argumen-

144 1081 186 1146 tis
208 1082 400 1162 confirmem‚
432 1084 609 1170 exemplum
638 1083 771 1151 afferam
799 1084 886 1169 quod
914 1083 1032 1168 optime
1059 1084 1093 1151 in
1119 1084 1203 1151 hanc

142 1226 210 1273 rem
234 1209 392 1290 quadrare
421 1206 566 1275 arbitror.
616 1207 734 1273 Notum
767 1213 817 1274 est
851 1229 925 1273 cum
959 1228 1058 1275 causa
1084 1209 1141 1275 illa
1169 1212 1201 1277 in

144 1348 201 1395 sex
221 1331 430 1416 imperatores
451 1336 609 1415 ageretur,
632 1330 733 1398 solurn
755 1331 840 1398 inter
860 1352 969 1398 omnes
991 1333 1202 1404 Athenienses

144 1453 309 1522 Socratem
332 1457 476 1522 extitisse
501 1461 534 1522 et
556 1460 670 1522 eontm
690 1456 779 1539 leges
800 1475 869 1521 sese
892 1459 1036 1523 acturum
1058 1478 1201 1543 negasse.

145 1578 236 1660 Tum,
251 1587 288 1646 ut
302 1582 350 1647 ait
359 1581 472 1661 Plato,
486 1586 519 1646 et
537 1586 679 1647 oratores
701 1587 832 1664 paratos
846 1581 942 1648 fuisse
958 1580 1000 1648 ad
1016 1604 1090 1650 sum
1105 1607 1202 1653 οοοο-

145 1704 280 1772 sandum
305 1713 338 1774 et
360 1706 516 1792 populum
537 1704 572 1770 id
593 1705 731 1772 iussisse.
775 1704 921 1793 (Dolens,
943 1703 1031 1772 Socr.
1053 1729 1086 1791 p.
1108 1710 1202 1777 2013

145 1829 282 1912 ἑτοίμων
304 1825 403 1900 ὄντων
424 1830 677 1899 ἕνδεικνῦνοί
697 1852 740 1914 με
760 1828 814 1897 καὶ
827 1826 1201 1924 ἄπάγειντῶνρηιόροιν,

146 1953 200 2021 καὶ
227 1951 337 2040 docio
363 1953 688 2025 assectatores
716 1952 865 2041 βοώντων
893 1980 921 2020 ιι.
955 1979 980 2021 ι.
1007 1954 1051 2037 b)
1100 1957 1201 2036 Quem

144 2079 258 2163 populi
279 2101 443 2147 assensum
466 2083 494 2148 si
516 2102 588 2148 oum
610 2079 650 2146 iis
673 2099 905 2164 comparamus,
928 2099 1013 2163 quae
1035 2088 1146 2150 orator
1160 2084 1200 2153 de

144 2223 178 2268 se
199 2209 335 2289 patrono
357 2228 417 2290 per
439 2206 589 2290 populum
618 2203 793 2271 constituto
825 2200 972 2283 tradidit,
995 2202 1103 2272 facere
1136 2229 1200 2275 non

142 2347 322 2411 possumus,
351 2330 428 2413 quin
457 2349 583 2395 omnem
611 2325 835 2395 difficultatem
862 2345 945 2411 quae
977 2327 1062 2395 viros
1089 2329 1201 2400 doctos

144 2451 268 2517 vexarit
289 2451 447 2518 sublatam
467 2472 536 2518 esse
555 2456 748 2516 statuamus.
783 2502 786 2507 ,

181 2574 341 2641 decorata
351 2576 478 2640 omnino
490 2594 596 2640 rerum
609 2573 742 2639 scientia
751 2593 847 2657 quam
858 2572 891 2640 in
903 2573 1028 2643 iudiciis
1039 2583 1199 2646 oratorem

143 2698 297 2767 habuisse
321 2700 526 2784 cognovimus
549 2721 589 2767 ex
610 2704 682 2765 tota
697 2698 842 2766 oratione
857 2698 970 2766 elucet.
1009 2700 1199 2770 Notissimus

144 2828 194 2890 est
215 2825 303 2891 locus
324 2824 364 2891 de
387 2825 628 2895 Atheniensium
649 2845 779 2893 numero
802 2824 858 2909 qui
879 2825 1048 2910 praeclare
1063 2849 1134 2894 oum
1160 2831 1199 2898 iis

142 2971 228 3034 quae
250 2950 305 3017 alii
327 2949 367 3016 de
390 2948 504 3016 eadem
527 2970 563 3013 re
586 2948 789 3014 tradiderunt
811 2950 977 3014 consentit.
1013 2955 1034 3033 ὅ
1054 2952 1093 3017 51
1119 2954 1200 3022 eicio

143 3069 228 3158 ὁμοῦ
251 3069 414 3159 δισμύριοι
436 3069 553 3147 πάντες
564 3069 736 3160 Ἀθηναῖοι.
751 3069 790 3136 cf.
805 3069 945 3137 Boeclsh.
961 3074 1199 3144 scantationes.

142 3205 167 3263 t.
189 3198 206 3263 1
227 3219 258 3282 p.
281 3196 333 3263 51.
386 3193 469 3275 Quid
501 3195 604 3261 multa
638 3192 793 3260 disseram
828 3193 867 3261 de
901 3192 1037 3285 μητρῴῳ
1071 3199 1108 3287 (ᾖ
1139 3200 1198 3285 98)

142 3322 274 3405 eiusque
296 3320 490 3398 condicione,
510 3319 551 3385 de
572 3321 722 3407 μονοιιιίφ
746 3321 783 3405 (ὅ
806 3315 915 3405 tl),*)
937 3317 978 3385 de
1001 3321 1198 3390 celebrandis

141 3449 330 3537 νουμηνίαις
351 3444 386 3534 (ξ
408 3446 465 3534 99)
487 3445 624 3529 aliisque
642 3443 745 3522 rebus,
773 3463 853 3528 quas
877 3448 988 3510 orator
1008 3464 1198 3514 commemo-

142 3570 251 3637 ravit?
296 3570 386 3650 Quae
409 3568 537 3654 quidem
561 3568 667 3635 omnia
689 3554 756 3634 tam
779 3568 873 3634 certis
904 3567 1094 3637 testimoniis
1122 3593 1197 3657 pro·

141 3696 211 3763 bari
232 3702 376 3782 possunt,
398 3701 434 3762 ut
456 3714 580 3763 omnem
602 3693 834 3761 dubitationem
854 3692 1016 3780 effugiant

214 3964 237 4030 ·)
255 3962 289 4017 ef.
308 3966 416 4018 neele.
436 3964 452 4017 1.
472 3963 487 4017 1.
507 3981 530 4031 p.
552 3965 605 4018 ιιι
624 3980 660 4031 sq.
