2768 4520
7 4012 9 4113 t

162 138 204 201 14

160 353 255 418 modo
287 355 395 417 insunt
420 349 658 426 translationes.
695 372 778 434 quae
819 351 949 418 effusius
981 355 1216 429 ,extenduntun

100 542 104 547 ,
160 475 272 559 viginti
293 472 408 560 tres*)‚
431 464 511 559 quas
533 496 632 542 unum
655 475 705 541 vel
727 474 790 542 duo
814 478 912 543 verba
934 475 1084 545 efficiunt.

247 598 369 664 Eadem
392 599 528 664 oratoris
550 600 584 664 in
606 596 741 665 dicendo
760 598 957 667 abnndantia
979 623 1019 666 ex
1035 616 1073 667 eo
1089 621 1218 686 quoque

158 727 303 809 apparet,
326 723 411 807 qued
434 724 543 790 multis
572 724 726 789 orationis
760 724 838 790 loeis
871 724 982 793 eadem
1019 728 1069 793 vel
1104 726 1220 793 similia

158 845 379 931 vertensque
401 847 442 912 ad
472 848 656 912 satietatem
683 853 881 930 repetuntur.
933 849 1054 916 Videas
1075 849 1155 916 illud
1182 845 1220 917 ai

159 974 311 1053 δίκαια,
336 971 422 1054 quod
443 969 522 1056 legis
546 977 587 1054 ἐξ
614 975 642 1036 1.
660 972 712 1037 69.
736 969 788 1056 (τὰ
811 965 939 1041 τουτουὶ
959 976 1016 1041 τοῦ
1031 973 1152 1061 ἀγῶνος
1175 974 1217 1061 δ.)

159 1096 190 1176 3,
214 1096 264 1161 14.
288 1092 342 1182 (τὰ
362 1095 424 1161 τῶν
444 1092 554 1179 νόμον
581 1097 624 1181 8.)
655 1097 707 1163 14.
737 1098 788 1160 17.
819 1093 871 1183 (τὰ
901 1098 958 1186 τῆς
986 1095 1149 1193 ἐνδείξεως
1176 1097 1218 1183 t.)

158 1220 296 1303 deniqne
319 1216 368 1283 bis
390 1218 410 1299 ξ
433 1216 485 1281 28.
531 1215 654 1283 Deinde
675 1223 754 1285 nota
776 1217 922 1284 crebram
943 1220 1215 1287 molestissimam-

126 1398 131 1402 .
161 1352 224 1432 qne
262 1341 467 1408 iterationem
496 1343 688 1426 pronominis
723 1328 843 1421 οὗτος.
878 1342 916 1408 cs.
939 1349 997 1427 ἓξ.
1020 1332 1071 1409 142
1104 1339 1216 1413 τούτου

157 1471 277 1539 τοῦτον.
311 1467 362 1532 83.
398 1451 490 1541 οὗτος
523 1463 631 1542 οὕτως.
672 1467 724 1532 91.
757 1462 815 1557 τήν
849 1464 962 1535 τούτου
996 1470 1101 1538 αἰτίαν
1134 1458 1218 1538 εἶναι

157 1596 218 1661 τῶν
239 1591 461 1679 βλασφημιῶν,
491 1588 528 1657 οἳ
554 1590 626 1677 περὶ
654 1586 716 1673 οὐχ
744 1585 867 1674 ὁμοίων
893 1588 995 1682 τούτῳ
1024 1589 1078 1661 διὰ
1106 1595 1217 1661 τοῦτον

157 1720 316 1803 γίγνονται
337 1718 369 1778 et
391 1713 500 1796 paullo
522 1718 613 1780 ante:
636 1696 759 1781 τοοτονὶ
781 1716 879 1781 ταῦτα
905 1724 1021 1794 ποιοῦν,
1050 1719 1102 1785 καὶ
1130 1719 1216 1786 ταῦτ’

158 1870 185 1909 κ.
214 1865 238 1906 τ.
268 1843 306 1917 t,
335 1839 478 1923 inprimis
508 1843 618 1905 autem
649 1836 701 1904 86.
730 1838 762 1905 εἴ
787 1834 831 1928 τῴ
862 1860 907 1914 τις
941 1812 1036 1926 Ιφίλος
1059 1878 1101 1888 -
1135 1839 1219 1910 ἐστὶν

159 1965 195 2034 e'o
218 1963 385 2044 τούτοις,
409 1957 451 2038 οἷς
472 1957 556 2051 incip
583 1959 732 2031 τούτοο
756 1962 897 2028 τοῦτον
926 1960 1081 2055 προσήκει
1101 1975 1215 2049 μισεῖν,

158 2091 274 2158 τοῦτο
301 2091 331 2172 β.
355 2087 383 2151 δ.
428 2083 518 2161 Quae
542 2083 670 2167 quidem
693 2083 835 2151 eiusdem
856 2086 1053 2168 pronominis
1082 2110 1215 2175 compo·

158 2214 232 2280 sitio
263 2231 340 2275 num
363 2208 445 2275 adeo
473 2208 658 2292 frequenter
685 2209 771 2294 apud
796 2209 1041 2303 Demosthenem
1057 2223 1214 2295 occurrat,

159 2339 278 2406 dubito.
291 2328 332 2403 cf.
351 2357 396 2402 or.
413 2336 439 2401 L
458 2358 484 2401 c.
497 2335 629 2401 Onetor.
652 2339 671 2419 8
690 2334 741 2402 24.
759 2359 786 2403 ο.
799 2333 921 2421 Aphob.
953 2338 1014 2420 57.
1025 2359 1050 2404 c.
1062 2339 1214 2408 Aristocr.

158 2463 255 2547 5¹93.
309 2459 479 2543 Quinquies
508 2458 639 2526 verbum
667 2467 822 2547 περιεῖναι
849 2462 1011 2544 repetitm.
1058 2464 1099 2548 ἕξ
1126 2465 1155 2530 7.
1184 2467 1213 2531 9.

159 2589 208 2656 bis
240 2588 299 2662 243
345 2590 397 2650 ter
431 2585 622 2650 adiectivum
653 2578 799 2669 ἄμικτος,
835 2585 893 2652 sed
924 2587 989 2669 ita,
1010 2594 1059 2675 ‚ut
1093 2589 1216 2658 duobus

157 2714 236 2781 locis
271 2716 312 2797 ἐξ
336 2709 388 2775 52.
412 2710 464 2775 58.
497 2710 623 2775 actiae
639 2707 747 2786 semel,
770 2709 851 2791 §63
875 2710 1023 2792 passivae
1051 2711 1212 2794 significa·
1236 2688 1242 2699 ’

157 2839 254 2906 tionis
277 2836 327 2901 sit

193 3025 196 3033 ,
245 2958 437 3027 Perticulam
460 2958 490 3025 et
511 2958 544 3022 in
563 2956 677 3024 eodem
699 2958 864 3024 enuntiato
886 2959 1056 3044 repetitam
1069 2961 1131 3028 hnc
1149 2983 1215 3028 non

156 3088 347 3163 rettulerim3
380 3102 464 3168 qnae
497 3085 624 3170 quidem
646 3106 719 3149 eum
747 3084 870 3150 brevior
898 3086 939 3150 sit
969 3091 1002 3150 et
1030 3087 1213 3170 saepissime

159 3210 349 3288 adhibenda,
372 3210 459 3294 apud
483 3212 638 3295 optimum
660 3228 819 3294 quemque
842 3215 874 3274 et
896 3211 1000 3292 ipsum
1022 3207 1214 3279 Demosthe·
1274 3255 1276 3259 -

158 3358 231 3403 nem
254 3334 388 3400 subinde
411 3335 552 3401 iteratur.
575 3334 630 3421 (cf.
654 3339 684 3416 §-
707 3333 760 3398 59.
783 3336 924 3418 itemque
947 3332 1023 3403 ὅταν
1044 3339 1074 3418 ξ.
1098 3335 1165 3421 75.)

224 3461 443 3545 Synonyma
458 3481 541 3544 quae
563 3460 711 3526 dicuntur
733 3481 831 3543 quam
858 3433 1213 3543 saepeaDemosthene

158 3584 302 3652 adhibita
324 3585 389 3649 sint
403 3585 591 3668 praesertim
606 3583 639 3648 in
654 3585 881 3650 sententiarum
897 3579 1107 3665 conclusione,
1127 3585 1214 3669 apud

159 3728 267 3774 omnes
282 3708 360 3772 satis
372 3713 505 3773 constat.
520 3707 561 3803 os.
574 3707 737 3774 Doberenz
749 3709 782 3773 in
793 3731 899 3792 progr.
915 3731 1019 3794 gymn.
1040 3710 1213 3793 Hildbnrg·

157 3833 369 3846 —-·—=

230 3887 253 3951 ·)
272 3885 316 3953 §t
338 3888 361 3936 i.
383 3889 422 3937 ιι.
445 3887 484 3937 ιο.
507 3887 547 3938 ιο.
567 3888 601 3938 rc
620 3847 717 3938 neonus
737 3887 799 3937 locis
819 3887 877 3938 121.
904 3887 962 3939 124.
992 3888 1049 3940 138.
1072 3888 1128 3939 no.
1156 3889 1212 3940 153.

160 3976 1091 4028 mmmmmmmmmmmm
