2768 4520
181 130 204 192 4

183 320 333 419 sectatur,
355 340 515 409 hominem
536 340 694 425 increpat,
716 361 780 406 non
796 341 950 425 percellit,
974 346 1010 406 ut
1022 361 1147 426 semper
1161 343 1245 442 solet

182 474 310 535 noster“
332 466 388 555 (so.
412 466 670 554 Demosthenes.)
716 467 842 551 alioque
865 469 937 533 loco
959 488 1037 551 „per
1059 472 1161 532 totam
1174 466 1243 532 fere
1305 458 1307 463 ’

184 592 359 657 orationem
387 592 562 658 conncium
597 597 687 670 acre,
722 590 886 676 ἀπόδειξις
921 592 1044 658 nullas
1094 592 1244 659 Concedo

134 779 138 784 .
183 737 225 782 ne
247 715 498 782 Demosthenem
520 716 665 801 quidem,
694 737 765 782 eum
793 717 885 782 *cives
917 716 957 781 de
990 717 1086 783 rebus
1120 716 1246 800 pubhee

183 840 289 921 gestis
304 823 480 938 acesceret,
498 841 668 907 'continere
689 862 724 905 se
746 842 888 924 potuisse
917 842 995 924 quin
1023 842 1057 907 in
1084 843 1245 927 privatam
1267 888 1270 891 ,

186 962 337 1029 simulet
373 963 581 1031 domesticam
596 971 719 1031 'eorum
742 966 841 1030 vitem
874 953 1086 1031 inveheretur.
1123 965 1164 1032 of.
1193 985 1245 1033 or.

187 1088 403 1155 deoor.129
429 1087 664 1173 senos-sqq,
706 1089 827 1153 Verum
848 1094 974 1154 tentem
1002 1089 1178 1155 accusandi
1206 1090 1245 1154 li·

184 1212 335 1291 bidinem,
365 1218 519 1295 quantem
548 1211 582 1276 in
603 1212 664 1280 hao
686 1214 829 1279 oratione
848 1211 1131 1296 deprehendimus,
1159 1213 1246 1279 haud

186 1338 280 1403 fenile
310 1335 394 1422 apud
415 1337 504 1402 illum
527 1335 724 1418 invenies.*)
774 1338 880 1420 Atque
902 1336 936 1401 id
957 1337 1123 1421 proprium
1146 1336 1246 1402 fuisse

184 1440 323 1528 oratoris
343 1482 384 1526 ex
406 1460 473 1526 eius
494 1461 595 1543 ipsius
619 1459 720 1526 verbis
744 1465 895 1543 apparet:
925 1458 1027 1538 „elc're
1050 1461 1163 1544 inquit,
1191 1460 1245 1528 nel

185 1581 411 1674 σογχωαήσατέ
429 1608 486 1668 μοι
508 1582 588 1672 πρὸς
610 1581 700 1665 Διός,
723 1579 772 1658 οῖς
792 1584 956 1668 πέφυκα
977 1583 1031 1652 καὶ
1046 1583 1243 1676 προῄρημαι,

186 1709 258 1798 περὶ
285 1706 404 1775 eoseum
431 1703 646 1796 διαλεχθῆναι
672 1704 752 1793 πρὸς
780 1703 879 1791 ὅμᾶς·
913 1706 977 1776 καὶ
1000 1705 1091 1793 ’γὰρ’
1108 1704 1248 1778 οὐδ’ἄν

187 1829 312 1909 ἄλλως
335 1835 536 1921 δυναίμην.
582 1837 601 1913 ξ
625 1831 677 1895 14.
730 1831 808 1909 Quo
837 1833 1019 1900 testimonio
1045 1833 1125 1899 illud
1152 1832 1247 1917 plane

113 2023 114 2026 ,
186 1957 318 2042 refutari
333 1954 410 2021 mihi
424 1953 559 2032 videtur,
576 1953 663 2039 quod
679 1953 873 2020 Schmidtius
889 1956 1084 2041 (excum'ed
1095 1957 1247 2022 Dinarch.

187 2108 218 2168 p.
236 2085 328 2169 117),
344 2103 414 2146 cum
437 2052 654 2145 Demostheni
666 2080 840 2146 orationem
862 2080 993 2159 tribuat,
1018 2079 1155 2146 ridiculo
1172 2081 1248 2164 'opi-

187 2213 283 2275 netur
314 2226 398 2285 „non
431 2204 538 2269 minus
573 2210 746 2282 oratorum,
774 2226 872 2288 quam
905 2209 1072 2288 poetarum
1105 2207 1243 2290 principi

187 2332 316 2401 licuisse
349 2326 509 2393 interdum
542 2327 743 2394 dormitare.“
789 2329 854 2394 Sed
884 2351 925 2396 ne
961 2330 1129 2405 immodice
1162 2331 1254 2396 hene·

188 2453 438 2540 disputationem
451 2451 643 2534 producam,
666 2453 763 2519 licent
785 2454 864 2519 mihi
883 2451 924 2519 ad
947 2455 1088 2535 singulas
1116 2475 1166 2520 res
1196 2475 1248 2521 me

145 2596 158 2616 ⁵
190 2584 383 2646 convertere.

280 2701 390 2766 Omnis
414 2702 514 2766 oratio
539 2724 611 2767 eum
634 2702 812 2787 composite
841 2701 883 2764 sit
912 2721 952 2763 ex
989 2698 1138 2779 verbis,
1169 2702 1248 2768 haec

189 2831 325 2914 primum
346 2824 438 2892 nobis
459 2826 596 2892 videnda
620 2833 694 2892 sunt
717 2846 754 2890 eo
778 2822 907 2906 quidem
928 2823 1072 2905 oonsilio,
1095 2831 1130 2890 ut
1146 2845 1248 2908 quee-

192 2973 317 3035 ounque
341 2973 362 3015 a
385 2950 600 3016 Demosthene
623 2950 727 3015 aliena
750 2948 822 3025 sint,
846 2946 997 3030 deinceps
1019 2969 1248 3016 commemore-

191 3100 269 3144 mus.
315 3076 384 3153 Qua
407 3076 440 3138 in
463 3097 497 3140 re
521 3095 644 3150 caveas,
673 3093 714 3136 ne
743 3071 835 3135 nimis
864 3076 982 3137 temere
1010 3072 1161 3139 iudicium
1189 3073 1250 3139 tibi

191 3201 303 3284 fingas.
316 3200 421 3265 Multa
432 3200 516 3265 enim
523 3198 581 3263 tibi
588 3201 755 3261 occurrent
761 3193 868 3272 verba,
880 3216 963 3278 quae
975 3215 1046 3260 cum
1059 3195 1161 3263 adres
1173 3220 1248 3282 pro-

192 3327 278 3410 prias
286 3333 318 3390 et
329 3324 425 3390 semel
433 3321 1029 3403 commemoratespertineant,omnino
1037 3321 1249 3387 nonnotanda
1289 3404 1291 3411 y

193 3451 265 3516 sint.
312 3450 404 3514 Talia
420 3456 494 3514 sunt
533 3451 573 3529 ἐξ
599 3445 619 3509 9
648 3442 843 3532 πρόγραμμα
861 3446 902 3512 cl.
923 3446 1053 3513 Lobeok
1071 3448 1115 3512 ed
1136 3447 1249 3530 Phryn.

192 3599 222 3658 p.
247 3575 325 3648 2493
356 3575 398 3638 23
422 3579 455 3637 et
477 3571 519 3635 28
535 3570 668 3653 κιγκλίς.
702 3568 745 3634 38
775 3567 986 3657 σκολόδεψος.
1015 3571 1058 3634 49
1087 3567 1251 3639 ἐπιστάται

193 3736 405 3750 -ι--ἐ-

283 3789 305 3854 ·)
325 3786 358 3839 cf.
377 3788 445 3837 Dein.
484 3785 516 3836 de
535 3799 615 3837 coron.
648 3789 663 3848 ξ
684 3784 743 3837 126.
763 3785 804 3836 det
823 3786 854 3837 δέ
876 3804 920 3853 με,
945 3783 981 3840 οἱς
1002 3787 1077 3845 ἔοικε,
1100 3786 1195 3854 καίπερ
1219 3782 1250 3834 οὐ

193 3876 382 3946 μιλολοίδορον
405 3871 475 3935 ὄντα,
503 3869 549 3925 dod
577 3868 622 3928 reis
643 3868 695 3926 ont
719 3869 810 3926 τούτου
834 3876 1007 3944 βλασφημίας
1031 3872 1173 3941 εἰρημένας
1192 3870 1252 3923 ἀντὶ

193 3960 297 4017 πολλῶν
315 3963 359 4012 καὶ
379 3958 487 4030 ψευδῶν
506 3956 571 4015 αὐτοὶ
591 3960 787 4032 τάναγκαιότατ’
809 3965 891 4014 elusio
909 3962 969 4032 περὶ
988 3957 1075 4013 αὐτοῦ.
