2768 4520
1122 153 1164 216 33

112 363 319 440 attenderunt,
341 363 397 446 qui
420 362 601 428 oraticnem
621 361 790 445 genuinam
818 380 887 442 csse
917 366 1042 444 negant.
1088 360 1166 428 Gum

111 487 195 554 enim
216 492 325 553 orator
352 486 615 570 Areopagitarum
637 485 691 570 qui
722 484 839 551 dicitur
864 489 1010 553 senatum
1037 485 1165 571 saepius

109 612 142 676 in
163 613 283 701 regiam
306 612 491 678 convenisse
514 612 685 678 contendat
707 610 795 698 (aig
810 611 855 677 23
870 596 915 677 oio
929 607 965 678 ἓν
984 605 1008 697 ἢ
1025 606 1085 676 δύο
1099 607 1165 698 ἐρῶ

108 738 362 821 παραδείγματος
369 735 476 814 ἕνεκα,
491 733 529 804 cd
550 733 788 824 γνωριμώτατα·
811 733 847 802 τὰ
860 733 920 825 τὴν
938 734 1035 818 ...eg
1047 733 1164 823 Ἀρείου

108 856 214 944 πάγου
236 858 367 948 βουλήν,
390 857 466 927 ὅταν
487 859 522 929 ἐν
543 861 583 950 τῇ
604 861 756 947 βασιλείῳ
780 860 857 946 στοᾷ
878 862 1082 949 καθεζομένη
1106 881 1162 927 πε·

106 984 361 1073 ρισχοννίσητατ),
380 984 421 1050 ab
445 982 591 1051 omnibus
615 983 686 1051 aliis
709 982 915 1067 scriptoribus
930 984 1026 1068 plane
1040 985 1164 1050 dissen-

106 1108 157 1187 tit,
180 1108 234 1193 qui
256 1107 371 1174 Martis
400 1108 513 1175 collem
540 1109 667 1174 illorum
695 1113 908 1175 conventuum
934 1109 1040 1179 locum
1068 1107 1166 1179 fuisse

106 1231 255 1298 tradunt..
309 1231 402 1310 Quod
435 1231 563 1315 quidem
600 1232 753 1298 orationis
789 1237 953 1297 auctorem
988 1237 1165 1299 ceterarum

67 1364 72 1375 '
104 1378 213 1423 rerum
235 1355 460 1442 peritissimum
482 1354 602 1439 fugisse
624 1374 698 1421 cum
720 1368 784 1421 non
811 1354 980 1422 verisimile
1008 1361 1067 1432 est,
1096 1361 1164 1423 tum

105 1478 294 1552 difficultas,
317 1480 456 1564 quaein
479 1478 584 1546 verbis
607 1478 649 1547 ab
662 1524 664 1527 -
677 1479 733 1545 illo
762 1479 870 1546 allatis
897 1479 1000 1546 inesse
1028 1480 1163 1562 videtur,

103 1605 199 1671 facile
223 1605 302 1671 solui
325 1610 440 1689 potest
487 1602 572 1670 Satis
595 1604 681 1670 enim
710 1608 846 1682 constat,
875 1610 1072 1689 quantopere
1099 1605 1163 1673 iam

103 1729 331 1796 Demosthenis
355 1734 463 1796 aetate
487 1729 695 1795 Athenienses
723 1729 811 1795 vitae
837 1729 1055 1821 commoditati
1083 1751 1161 1797 con·
1221 1726 1230 1737 ’

105 1853 272 1919 snluerint
295 1853 347 1919 Sic
371 1854 501 1919 comitia
524 1877 545 1920 a
567 1852 739 1920 maioribus
760 1853 794 1918 in
808 1853 915 1938 Pnyce
935 1854 1079 1921 instituta
1094 1862 1162 1923 tum

101 1977 137 2040 in
162 1974 303 2061 Dionysii
326 1976 452 2043 theatro
474 1974 539 2055 „ad
561 1976 731 2042 videndum
749 1974 1008 2062 audiendumque
1023 2000 1163 2048 commo-

102 2101 215 2167 diore“
244 2100 356 2167 habita
394 2099 518 2187 sunt.*)
569 2101 756 2185 Eademque
789 2103 915 2169 ratione
947 2102 1017 2170 fieri
1046 2104 1162 2190 potuit,

101 2230 140 2291 ut
159 2224 428 2309 Areopagitarum
450 2231 579 2292 senatus
607 2225 796 2312 quibusdam
825 2228 1020 2313 temporibus
1048 2229 1163 2297 collem

100 2371 254 2435 asperum
275 2349 539 2434 tempestatisque
560 2350 769 2415 incommodis
791 2350 962 2417 obnoxium
984 2374 1055 2418 oum
1074 2374 1162 2421 com·

99 2473 246 2540 mcdiorc
268 2473 338 2540 loco
359 2478 577 2540 commutaret.
612 2473 727 2558 Neque
749 2474 866 2541 desunt
894 2478 1049 2561 exempla,
1078 2500 1162 2564 quae

99 2602 185 2667 alios
208 2619 334 2683 quoque
349 2599 555 2682 magistratus
572 2598 716 2664 similiter
733 2604 752 2663 α’
775 2600 1004 2668 consuetudine
1019 2602 1161 2669 locorum

97 2724 272 2790 recessisse
294 2727 461 2793 testentur.
508 2720 561 2787 Sic
584 2722 669 2787 inter
692 2742 804 2789 omnes
820 2729 950 2794 constat
963 2723 1161 2793 thesmothc·

97 2855 150 2915 tas
179 2848 214 2912 in
237 2845 464 2913 thesmuthesio
484 2865 629 2911 rcoernrure
658 2846 769 2912 solitos
796 2847 911 2913 fuisse:
934 2847 1033 2916 nihilo
1054 2851 1160 2917 minus

96 2970 264 3057 Hyperide
298 2973 381 3036 teste
412 2967 545 3034 eundem
574 2968 615 3033 ad
643 2968 738 3033 finem
765 2971 799 3034 in
829 2971 951 3054 regiam
978 2975 1162 3042 convenisse

95 3096 255 3162 feruntur.
300 3091 340 3179 ct
364 3091 446 3176 Hyp.
469 3091 561 3175 frgm.
585 3091 650 3157 165
672 3091 792 3177 Saupp.
817 3114 835 3159 e
865 3093 944 3160 Poll.
971 3095 1018 3162 IV
1041 3101 1062 3180 ἕ
1096 3099 1158 3164 122

97 3222 132 3287 oi
156 3217 195 3286 δὲ
216 3217 310 3286 ἐννέα
331 3211 483 3302 ἄρχοντες
505 3219 665 3285 εἱστιῶντο
687 3217 776 3308 torp}
787 3221 865 3306 στοᾷ
887 3220 1161 3309 περιφραξάμενοί

95 3370 126 3412 τι
151 3347 250 3428 μέρος
273 3340 372 3430 αὐτῆς
394 3338 522 3430 αὐλαία.

150 3467 287 3532 Omnino
310 3468 417 3532 omnia
440 3488 526 3551 quae
549 3469 582 3532 in
605 3471 747 3535 oratione
769 3470 811 3535 ad
825 3470 1067 3554 magistratuum
1082 3492 1157 3556 pro-

95 3592 350 3674 vinciamatque
366 3590 470 3656 adius
484 3592 929 3679 legesqueAthenicnsiumpe
945 3594 1074 3672 rtinent,
1098 3616 1157 3680 op·

95 3718 179 3782 time
193 3737 266 3781 oum
279 3715 478 3798 antiquitatis
489 3716 643 3780 institutis
654 3718 818 3801 ceteroqui
831 3718 958 3784 traditis
971 3726 1158 3803 congruunt.

174 3980 197 4042 ⁸)
217 3979 249 4033 ci.
270 3980 424 4036 Schoomann
444 3983 476 4034 do
495 3998 555 4036 conr.
574 3982 665 4036 Athen.
686 4000 710 4049 p.
728 3984 771 4069 bd.
984 4060 999 4106 ,ἦ
