2768 4520
191 127 236 195 20

193 341 432 427 participiorum
454 340 559 425 copia,
580 361 680 424 quam
700 340 782 425 nihil
802 340 889 409 illius
912 340 1085 407 concinnae
1112 346 1146 405 et
1172 340 1252 406 arti-

193 465 323 539 ficiosae
344 464 517 539 verborum
539 464 786 549 compositionis,
805 484 871 550 qua
892 463 1040 549 splendet
1052 465 1254 549 eloquentiae

194 592 359 677 princepsl

280 750 354 817 dam
375 753 486 829 restat,
518 755 555 815 ut
577 747 619 815 de
645 747 787 814 hiatibus
816 748 933 832 quiin
964 748 1111 816 oratione
1139 768 1252 815 occur·

193 883 268 945 runt
288 897 392 962 pauca
406 872 533 941 addam.
567 874 702 952 Primus,
717 875 752 938 ni
767 873 874 956 fallor,
894 872 1008 940 Cicero
1019 873 1099 939 vidit
1120 875 1182 961 (or.
1198 873 1253 950 44,

195 1002 275 1086 151)
295 999 543 1066 Demosthenem
565 997 711 1065 crebram
725 1018 839 1095 vocum
854 1000 1094 1066 concursionem
1107 1004 1146 1065 nt
1159 999 1254 1064 ritio-

111 1186 114 1190 .
194 1149 263 1194 sam
284 1127 412 1210 fugisse.
457 1124 547 1204 Quod
570 1125 597 1189 si
618 1123 814 1208 respicimus,
846 1123 957 1191 facere
989 1145 1054 1190 non
1077 1141 1255 1207 possumus,
1378 1168 1379 1241 i

194 1252 271 1336 quin
293 1250 464 1316 Benselero
486 1249 708 1328 assentiamur,
731 1249 787 1332 qui
809 1254 943 1334 propter
962 1250 1095 1315 nimium
1108 1246 1254 1315 hiatuum
1378 1248 1379 1251 ’

194 1394 359 1447 numerum
382 1373 557 1443 orationem
580 1372 831 1439 aDemosthene
853 1374 1006 1458 scriptam
1037 1394 1105 1440 esse
1126 1371 1256 1454 negarit

194 1501 247 1589 (de
268 1501 358 1567 hiatu
380 1501 414 1564 in
436 1503 553 1565 orator.
576 1498 673 1563 Attio.
696 1521 726 1582 p.
752 1500 840 1583 128).

239 1681 392 1747 Venimus
407 1675 450 1741 ad
464 1673 727 1759 pertractandam
749 1675 902 1742 orationis
924 1675 1255 1762 compositionem

196 1826 281 1890 quae
310 1823 383 1869 cum
410 1800 545 1884 simplex
574 1800 627 1876 sit,
654 1799 795 1865 breviter
817 1799 940 1866 absolsi
964 1780 1080 1886 potest
1123 1799 1255 1866 initium

196 1927 321 1997 dicendi
342 1924 422 1991 facit
444 1927 553 1989 orator
579 1923 622 1991 ab
653 1923 841 2008 explicanda
867 1925 1005 2004 rohone,
1039 1945 1108 2009 qua
1133 1922 1256 1989 iudices

195 2056 285 2120 litem
304 2049 455 2117 adversus
476 2048 726 2130 Aristogitonem
747 2048 927 2112 institutam
956 2042 1129 2114 aestimare
1157 2067 1253 2131 opor·

194 2185 263 2247 teat
283 2182 326 2262 ἕξ
350 2172 468 2240 1-14,
519 2171 570 2237 Ad
592 2191 658 2237 rem
681 2146 784 2256 ipsam
812 2171 970 2239 accedens
997 2171 1136 2257 primurn
1157 2168 1255 2236 -id

195 2301 282 2389 quod
292 2298 453 2365 recteiam
464 2294 655 2367 Schaefenrs
667 2296 776 2391 dooujt
786 2298 806 2364 l.
820 2297 840 2363 l.
851 2319 882 2381 p.
900 2299 974 2378 122,
986 2336 1028 2348 -
1045 2298 1254 2385 quaeAiisto-

194 2429 260 2513 gito
275 2428 308 2491 in
321 2422 564 2507 rempublicam
587 2429 685 2508 atque
706 2423 791 2507 leges
812 2424 897 2488 male
918 2424 1051 2508 gesserit
1060 2427 1102 2507 ξς
1115 2404 1256 2497 15-53‚

196 2552 269 2618 dein
307 2549 374 2615 eius
407 2547 562 2614 ferociam
603 2553 717 2613 contra
754 2547 895 2631 privatos
932 2546 1070 2614 dilucide
1114 2546 1255 2614 ostendit

197 2681 238 2760 ἐξ
260 2672 402 2740 54-68.
431 2643 550 2738 Postea
571 2672 610 2736 iis
633 2673 771 2756 prolatis
792 2671 990 2756 argumentis
1025 2692 1107 2757 quae
1135 2670 1254 2756 Lycur·

197 2821 255 2899 gns
297 2798 331 2862 iu
370 2795 548 2862 accusando
595 2798 747 2863 omiserat
787 2802 828 2882 ἐξ
861 2795 992 2863 68-75
1047 2794 1255 2881 Aristogitoni

196 2923 324 2990 omuino
346 2920 435 2989 nulla
463 2942 534 2986 esse
562 2921 731 3004 praesidia,
759 2920 802 2989 ad
830 2942 914 3006 quae
946 2920 1115 3004 confugere
1144 2919 1254 3003 possit,

198 3048 344 3116 affirmat.
386 3051 427 3131 ἐξ
468 3044 608 3109 76-91.
677 3046 712 3111 ln
748 3053 892 3112 extrema
935 3045 1072 3129 denique
1112 3045 1256 3110 oratione

197 3173 317 3240 iudices
351 3170 467 3237 acriter
495 3168 697 3248 adhortatur,
729 3175 765 3234 ut
793 3170 950 3236 maiorum
979 3190 1135 3237 memores
1166 3190 1257 3235 reum

197 3317 257 3379 pro
285 3293 409 3361 iniustis
432 3293 625 3361 facinoribus
654 3315 776 3360 summo
807 3294 964 3381 supplicio
986 3294 1128 3361 afficiant
1155 3303 1191 3375 ἐξ
1213 3294 1256 3360 92

198 3440 297 3505 usque
325 3418 367 3484 ad
394 3418 500 3487 finem.
545 3419 708 3504 Intellegis
739 3434 835 3503 quam
870 3420 1037 3504 perspicua
1066 3425 1100 3485 et
1125 3417 1258 3502 simplex

199 3545 364 3629 dispositio
387 3545 419 3608 io
449 3543 594 3611 oratione
622 3543 707 3607 insit.
759 3542 823 3609 Sed
851 3545 878 3609 si
910 3544 1034 3629 singula
1067 3544 1258 3626 quaerimus,

198 3670 351 3735 nonnulla
373 3666 464 3734 nobis
493 3674 670 3745 occurrunt,
705 3689 832 3751 quaen
860 3667 1072 3736 Demosthene
1102 3667 1162 3733 etsi
1192 3685 1258 3731 non
1307 3736 1310 3741 ⁴

199 3796 312 3873 aliena,
333 3800 420 3860 certe
443 3793 547 3859 minus
568 3793 752 3878 frequenter
774 3800 927 3877 usurpata
949 3800 1032 3859 suut.
1056 3792 1124 3870 Quo
1135 3796 1260 3875 spectat

201 3920 353 3986 orationis
365 3917 529 3985 exordium
544 3919 671 4000 longum
684 3924 782 4001 atque
796 3917 970 4000 copiosum,
986 3939 1058 3986 cnm
1070 3913 1259 3997 Demosthe·
