2768 4520
1136 168 1183 254 ni

123 418 181 465 nes
205 401 393 482 praesentim
420 402 453 466 in
476 399 769 486 daoeepoieytutffl
796 380 879 483 quae
901 400 1052 468 dicuntur
1073 406 1183 487 paucis
1269 472 1271 476 .

121 524 303 607 praemissis
318 521 423 588 verbis
437 524 471 587 in
482 518 603 589 medias
614 542 667 590 res
685 520 808 606 ingredi
820 525 931 590 soleat.
955 523 1069 609 Neque
1079 524 1183 593 minui

123 644 228 713 brevis
252 647 337 713 idem
359 649 393 713 in
415 648 591 732 perorando
615 654 680 714 est:
702 648 764 713 nisi
785 649 868 714 forte
890 651 1051 718 orationes
1073 654 1106 718 in
1120 654 1183 721 Mi·

121 769 211 837 diam
232 773 316 838 etin
338 771 525 838 Aeschinem
547 771 588 839 de
606 773 694 838 falsa
716 773 876 856 legatione
897 771 1024 841 habitas
1039 774 1186 867 obtortis,

123 894 241 978 quibus
257 902 366 964 orator
386 901 429 965 ad
451 898 586 965 eandem
607 899 675 964 iere
696 899 760 964 vim
782 905 815 963 et
841 899 1027 982 gravitatem
1040 903 1185 988 assurgit,

121 1041 220 1105 quam
241 1022 275 1086 in
297 989 358 1088 hae
381 1023 525 1089 oratione
548 1022 749 1088 admiramur.
771 1021 862 1100 Quae
876 1043 949 1088 oum
964 1025 1183 1111 dsoeepoioytu

122 1146 174 1223 sit,
196 1144 288 1214 deest
310 1149 464 1227 narratio,
486 1154 523 1213 ut
545 1154 654 1214 orator
676 1146 717 1213 ah
744 1147 875 1213 exordio
906 1148 1016 1236 statim
1042 1151 1085 1216 ad
1106 1162 1182 1236 pro-

121 1272 310 1355 positionem
334 1271 544 1359 (§513,14)
572 1272 803 1356 progrediatur.
849 1272 1182 1356 lnargumeutntioue

122 1402 232 1462 autem
252 1397 324 1481 ipse
346 1419 386 1465 ea
411 1398 443 1463 ri
471 1398 541 1464 sive
566 1393 722 1488 δεινότητι
743 1403 841 1477 earm
863 1419 928 1482 qua
950 1397 1183 1470 Demosthenes

122 1542 247 1607 semper
267 1524 415 1609 splendet
436 1529 535 1609 atque
557 1524 666 1608 fulget.

210 1645 273 1712 Sed
294 1647 375 1714 haee
403 1647 577 1722 haetenus3
609 1652 735 1730 tempus
768 1647 854 1712 enim
885 1653 937 1712 est
970 1647 1013 1714 ad
1046 1649 1182 1718 alteram

122 1771 301 1839 orationem
323 1773 468 1840 transire.
890 1776 892 1785 ⁴

197 1981 427 2067 ,Quintilianus
449 1983 483 2047 in
505 1982 604 2049 instit.
628 1989 708 2049 orat
731 1980 785 2048 lih.
808 1980 848 2061 X,
872 1983 902 2061 1,
926 1981 967 2049 76
990 1984 1035 2051 sio
1058 1985 1098 2051 de
1116 1987 1182 2055 De·

122 2107 301 2174 mosthenis
324 2109 508 2192 eloquentia
521 2109 660 2176 iudioat:
683 2107 808 2187 „Tanta
821 2108 868 2173 vis
883 2107 918 2172 iu
936 2128 985 2186 ee,
1000 2113 1068 2175 tam
1082 2110 1183 2179 densa

120 2231 238 2311 omnia,
249 2232 297 2298 ita
310 2232 498 2317 quibusdam
509 2233 614 2300 nervis
629 2233 754 2299 intenta
769 2237 854 2311 sunt,
864 2238 931 2297 tarn
941 2231 1021 2299 nihil
1036 2235 1182 2322 otiosum,

119 2359 148 2424 is
172 2357 297 2424 dicendi
319 2357 440 2436 modus,
462 2363 499 2423 ut
519 2360 580 2424 nee
604 2358 691 2440 quod
713 2357 796 2423 desit
817 2357 850 2421 in
873 2376 921 2435 eo,
943 2376 1002 2422 neo
1025 2360 1182 2442 quod're·

121 2481 251 2561 dundet,
260 2482 432 2548 inveniare
453 2481 728 2559 Quocumiudioio
740 2479 906 2547 olarissimi
913 2481 991 2547 ortis
1003 2481 1181 2556 rhetorieae

120 2607 267 2692 magistri
283 2609 310 2673 si
335 2609 468 2673 alteram
490 2609 522 2672 in
541 2606 787 2691 Aristogitonem
815 2606 991 2679 orationem
1016 2628 1183 2695 eompara-

121 2731 215 2809 veris,
233 2751 362 2815 prorsus
377 2752 449 2798 eam
465 2730 507 2798 ab
522 2731 577 2799 illo
593 2730 766 2798 abhorrere
781 2730 989 2799 confiteberis.
1014 2733 1114 2802 Deest
1125 2739 1182 2807 illa

121 2858 194 2941 ipsa
206 2856 451 2941 argumentandi
474 2853 617 2946 δεινότης
638 2856 722 2922 adeo
744 2857 777 2921 in
799 2856 1015 2923 Demosthene
1038 2857 1182 2939 laudata,

119 2980 236 3046 desunt
249 2980 340 3045 nervi
357 2985 393 3044 ut
407 2980 454 3043 ita
476 2978 582 3044 diuam
602 2978 755 3057 forenses,
777 2979 894 3062 quibus
917 3000 1011 3046 nemo
1040 3004 1182 3067 unquam

121 3105 224 3188 magis
247 3103 302 3168 illo
331 3102 450 3169 floruit.
474 3101 551 3180 Trio
577 3101 643 3177 illa,
671 3121 756 3184 quoe
783 3107 951 3186 praestare
984 3102 1082 3172 debet
1109 3128 1181 3176 oro·

120 3235 185 3307 tor,
202 3233 239 3293 ιιι
252 3228 379 3306 donent
396 3232 433 3292 ut
443 3218 581 3304 moveat,
604 3231 640 3289 ut
651 3224 797 3305 delectet,
812 3224 899 3310 apud
918 3224 1014 3309 huius
1027 3233 1180 3300 orationis

115 3360 286 3421 auctorem
311 3353 434 3420 frustra
463 3372 608 3436 quaeras,
640 3350 767 3419 ¹Sermo
797 3358 845 3418 est
866 3353 989 3419 ieiunus
1017 3360 1052 3421 et
1079 3359 1181 3438 exilis,

119 3476 309 3562 compositio
348 3476 515 3544 verborum
556 3478 787 3561 simplicissima
828 3480 1030 3563 omniumque
1067 3483 1179 3550 vividi-

117 3622 212 3669 orum
230 3600 483 3685 transgrediendi
505 3601 675 3686 figurarum
695 3622 820 3686 expers.

210 3725 356 3810 Singulas
377 3747 430 3792 res
452 3747 525 3792 oum
546 3726 785 3810 perlustrarem,
806 3727 839 3792 in
861 3727 911 3794 his
933 3726 1036 3796 verbis
1051 3727 1180 3814 offendi,

118 3869 206 3936 quae
228 3849 314 3934 apud
335 3848 584 3916 Demosthenem
606 3870 671 3916 non
692 3850 811 3917 inveni:

119 3977 335 3990 μ-

178 4027 205 4089 ’)
223 4025 255 4080 oi.
275 4040 383 4094 prooem.
402 4033 462 4080 orat.
483 4028 508 4077 in
527 4027 597 4093 Lept.
