2768 4520
1140 183 1180 245 19

130 393 303 470 Francken,
334 398 501 458 comment.
520 391 598 476 Lys.
622 414 652 475 p.
676 392 751 457 216.
798 390 874 468 Qua
895 398 1002 456 tamen
1024 394 1113 458 in‘re
1142 410 1205 460 ne·

129 502 279 596 offendas,
296 538 462 601 compares
486 536 608 600 quaeso
631 515 711 582 illud
720 516 908 601 Lysiae·27,
923 516 965 580 10
986 515 1045 607 ’τήν
1059 514 1183 606 βουλὴν

129 639 283 727 ἐλοιδόρει
313 641 446 727 φάσκον
472 638 667 710 συνεστάναι
712 641 779 706 Neo
813 662 1081 724 supervacaneum
1113 661 1205 707 esser

127 765 202 831 mihi
224 767 324 831 visum
339 773 389 833 est
404 766 594 849 singularem
608 765 775 832 verborum
791 738 1181 845 coniunctionemnotare,

129 911 221 973 quam
249 889 402 957 habemus
424 892 464 956 >iu
492 891 611 957 verbis:
641 887 893 974 ἀποδοκιμάζειν
910 886 978 979 την
1006 887 1118 982 ἀρχήν,
1144 885 1192 982 ἢν,

128 1015 249 1098 ἔλαχεν.
306 1015 429 1103 (ξιὸι.)
462 1015 545 1081 Nam
571 1036 696 1098 semper
727 1015 794 1081 fere
833 1015 895 1080 dici
911 1058 914 1065 ,
929 1016 1010 1081 solet
1042 1012 1182 1092 ‚duodo-

126 1137 271 1223 κιμάζειν
299 1137 367 1208 τινὰ
388 1135 501 1228 ἄρχειν
519 1118 658 1222 loquiano
686 1141 740 1225 (cs.
764 1148 782 1217 ἓ
805 1139 877 1227 90):
912 1160 976 1221 qua
997 1140 1037 1205 de
1065 1159 1101 1209 ΥΘ
1122 1138 1183 1215 vid·
1274 1206 1276 1211 ,

128 1264 227 1349 Meier
241 1269 274 1329 et
295 1264 494 1329 Schoemsnn
517 1266 685 1329 Attrscrer
709 1269 849 1330 Proress
877 1285 908 1348 p.
935 1263 1009 1329 205.
1041 1262 1185 1346 Denique

129 1387 237 1453 dubito
253 1409 329 1453 num
342 1387 429 1471 apud
444 1388 541 1452 alium
556 1387 695 1453 invenias
708 1389 929 1472 διατρίβειν
944 1390 985 1476 τῇ
1002 1389 1111 1477 ψυχῇ
1129 1385 1186 1457 ἒιτι

128 1538 188 1579 τινι
203 1512 234 1601 (5
250 1513 319 1598 51),
334 1520 370 1577 ut
386 1514 428 1578 sit
445 1519 572 1591 „mente
588 1518 622 1578 et
642 1513 766 1579 ratione
789 1513 910 1579 versari
932 1514 965 1578 iu
988 1512 1097 1595 aliqua
1114 1519 1185 1578 'ref‘

131 1633 134 1639 ’
216 1637 276 1702 Ηιο
297 1637 376 1703 mihi
398 1638 486 1703 loous
510 1656 578 1702 esse
606 1635 732 1701 videtur
761 1635 803 1702 ad
832 1657 972 1702 errorem
1001 1637 1184 1715 tollendum,

128 1763 164 1825 in
185 1783 279 1844 quem
306 1759 344 1829 Α.
369 1760 559 1827 Schaeferus
582 1759 731 1826 inductus
754 1766 803 1824 est
826 1761 861 1842 (l.
885 1760 905 1824 l.
933 1782 963 1843 p.
992 1761 1078 1848 126).
1123 1762 1184 1840 Qui

129 1885 162 1946 in
185 1876 410 1950 enumerandis
428 1883 578 1947 orationis
600 1883 684 1949 vitiis
696 1884 861 1950 nonnullas
873 1883 1019 1968 periodos
1037 1884 1184 1964 adnotat,

129 2029 207 2092 quas
222 2008 330 2075 tardas
343 2009 557 2092 obscurasque
573 2028 641 2072 esse
657 2004 828 2074 contendit.
852 2008 1053 2091 Quamquam
1069 1996 1183 2073 obscu-

7 2124 9 2189 j
128 2134 209 2197 ritas
232 2155 305 2199 mea
328 2134 485 2200 sententia
507 2156 570 2199 non
592 2139 659 2199 tam
682 2135 838 2217 scriptori,
861 2154 956 2217 quam
969 2135 1183 2218 posteriorum

128 2257 328 2323 librariorum
351 2257 480 2341 ineptiis
509 2257 679 2333 tribuenda
703 2258 772 2334 erit,
803 2277 881 2340 quas
904 2257 1018 2324 tollere
1041 2264 1184 2323 nostrum

129 2388 185 2447 est.
230 2381 274 2448 Et
302 2384 386 2449 tollit
415 2384 508 2450 unius
536 2358 664 2467 quiddin
692 2384 755 2448 loci
785 2384 921 2466 ineptias
951 2382 1090 2450 Cobetus
1112 2407 1183 2449 nov.

128 2502 201 2571 leo‘t.
234 2530 263 2591 p.
304 2506 379 2586 557,
420 2529 488 2573 oum
525 2509 620 2573 certis
663 2509 858 2592 argumentis
889 2509 982 2572 nixus
1015 2509 1048 2572 in
1080 2507 1184 2574 verbis

129 2615 220 2704 οὗτος
243 2632 360 2719 πρᾶγμ’
383 2631 532 2717 ἑώρακε
546 2631 663 2720 pecode
677 2634 730 2701 καὶ
753 2633 879 2709 ἀναιδές
895 2640 1028 2717 reponat
1041 2630 1184 2724 εὕρηκε

7 2836 8 2845 ¹
127 2754 161 2841 (ὅ
190 2756 257 2846 41.)
291 2756 384 2823 Unde
419 2756 558 2822 efficitur
590 2757 623 2822 id
660 2779 784 2841 semper
818 2757 994 2823 cavendum
1030 2779 1110 2841 esse,
1145 2779 1184 2824 ne

128 2901 182 2946 res
212 2902 292 2964 quas
320 2888 445 2949 nosmet
476 2885 539 2968 ipsi
566 2906 630 2950 non
667 2884 745 2950 satis
773 2883 994 2967 intellegamus
1020 2890 1185 2968 tamquam

125 3014 261 3090 peccata
283 3007 442 3073 veteribus
465 3008 670 3091 scriptoribus
695 3009 818 3072 crimini
842 3009 960 3074 demus.
1006 3006 1070 3073 Sed
1092 3009 1185 3091 longe

126 3131 192 3196 alia
224 3131 391 3198 verborum
423 3133 506 3198 ratio
542 3138 591 3198 est
625 3152 709 3214 quae
742 3131 874 3215 legimus
907 3135 948 3213 ἐξ
981 3131 1024 3194 10
1048 3152 1130 3214 sqq,
1150 3133 1183 3196 in

127 3257 242 3340 quibus
276 3257 425 3324 limandis
460 3257 579 3322 frustra
614 3277 745 3339 operam
779 3275 959 3320 consumas.
1011 3253 1084 3320 Non
1107 3277 1183 3321 euro

125 3402 238 3447 uersus
261 3384 396 3448 oratoris
418 3381 520 3448 verbis
543 3378 732 3466 intextos*),
756 3378 904 3463 quamuis
920 3379 986 3445 tale
1002 3379 1077 3463 quid
1098 3381 1185 3462 apud

124 3505 372 3571 Demosthenem
393 3528 456 3572 non
477 3505 571 3571 facile
588 3505 782 3570 inveniatur:
816 3505 849 3570 in
872 3502 1059 3586 ambagibus
1084 3502 1183 3569 offen·

125 3629 186 3706 dc,
214 3623 329 3712 quibus
359 3629 440 3694 baec
469 3635 537 3694 tota
564 3628 713 3712 periodus
749 3628 899 3694 abundat.
956 3610 1058 3705 Quam
1088 3629 1185 3696 foeda

7 3822 8 3855 1
125 3811 152 3876 ⁸)
174 3807 206 3860 cl.
225 3809 317 3876 Hymn.
337 3808 413 3874 orph.
436 3809 515 3859 [ΧΠ.

231 3879 328 3947 'Oppio
347 3884 422 3943 Διίιης
438 3879 529 3945 μέλπω
552 3879 718 3949 nordstetim,
743 3873 940 3949 ‹zylaopo‘pqoe

229 3969 340 4020 Ἥκαὶ
366 3963 453 4032 Ζηνὸς
478 3965 588 4020 ἄνακτος
608 3966 651 4018 co
677 3964 780 4037 θρόνον
804 3961 878 4040 ἱερὸν
901 3967 949 4029 ἵζει

238 4055 394 4127 Οὐρανόθεν
417 4054 560 4130 καθορῶσα
582 4058 643 4124 βίον
662 4053 766 4119 θνητῶν
784 4052 950 4125 πολοφύλων.
994 4120 1026 4173 2*
