2768 4520
200 118 242 183 26

200 335 302 417 inquit
329 335 598 403 ‘Westetmaunus
625 341 665 424 (l.
694 341 714 404 l.
748 362 778 423 p.
809 341 876 427 67.)
912 343 1031 423 scripta
1066 348 1115 406 est
1147 347 1179 403 et
1215 340 1255 403 sd

198 460 302 537 forum
336 464 591 539 accommodate3
622 465 728 530 varius
760 471 793 531 st
820 468 966 549 oopiosus
995 471 1106 530 auctor
1146 466 1255 528 estin

199 585 385 663 enarrando,
408 587 565 654 dilucidus
588 590 620 652 in
644 588 848 672 disponendo,
865 591 970 672 gravis
986 596 1084 673 atque
1100 587 1253 671 artifieio·

200 732 253 775 sus
266 712 300 775 in·
318 712 581 795 argumentando,
604 714 651 778 its
671 721 708 777 ut
731 713 811 779 nihil
826 714 938 780 deesse
960 714 989 778 ei
1012 713 1137 791 dixeris,
1159 734 1256 809 quam

198 855 306 901 veram
327 836 416 903 illam
431 837 651 903 Demosthenis
665 834 861 927 torvosquef‘
882 838 975 917 Quod
990 838 1141 903 iudicium
1157 858 1253 902 unus·

199 961 341 1045 quisque,
357 962 420 1053 qui
443 962 618 1026 orationem
641 961 707 1026 sine
721 963 771 1027 ira
793 967 826 1028 et
840 961 1141 1046 studio-perlegerit,
1168 959 1253 1024 haud

196 1086 292 1151 dubie
311 1083 469 1169 probabit
497 1086 652 1152 Nimirum
666 1087 702 1150 -si
716 1107 824 1152 omnes
840 1093 984 1153 oratores
1000 1087 1111 1152 eodem
1126 1082 1255 1150 modulo

197 1212 345 1277 metimur
377 1226 440 1295 quo
463 1210 720 1290 Demosthenem,
754 1212 891 1278 fortasse
913 1214 1033 1278 nullum
1070 1208 1255 1286 habeamus,

198 1337 253 1419 qui
275 1356 396 1400 summa
416 1337 509 1401 laude
524 1337 638 1420 dignus
654 1339 705 1402 sit.
751 1337 831 1403 Sues
854 1340 1135 1422 quisque-virtutes
1149 1333 1256 1411 hebet,

199 1460 314 1545 quihus
355 1462 431 1527 solis
472 1462 687 1528 aestimandus
724 1467 780 1527 est.
839 1463 951 1546 Neque
977 1481 1059 1528 uero
1079 1459 1256 1525 -virtutihus

196 1585 275 1651 haee
291 1586 393 1652 oratio
409 1591 506 1653 earet.
528 1584 637 1669 Spirat
651 1587 734 1653 enim
750 1588 849 1653 talem
870 1589 1011 1672 vigorem
1021 1593 1066 1652 -et
1087 1587 1256 1652 vehemen-

197 1715 276 1778 tiam
301 1711 463 1787 sermonis,
496 1716 628 1777 utnon
657 1714 759 1795 possit
786 1712 899 1778 nisiab
923 1714 1098 1778 exercitato
1126 1717 1256 1777 oratore

196 1837 308 1902 hahita
321 1855 399 1901 esse.
422 1834 515 1912 Quod
540 1855 581 1899 ne
603 1840 724 1901 temere
748 1859 768 1901 a
790 1858 841 1902 me
865 1836 983 1902 dictum
1006 1857 1078 1902 esse
1099 1837 1255 1913 rideatur,

198 1969 287 2028 certa
313 1964 502 2045 argumenta
524 1959 689 2043 proferam.

285 2104 360 2169 Iam
383 2124 479 2185 supra
502 2102 626 2167 ostendi
650 2110 807 2168 oratorem
830 2104 911 2167 raris
933 2103 1158 2185 inusitatisque
1182 2122 1255 2168 ver·

196 2234 245 2298 bis
284 2229 490 2296 vehementer
528 2226 689 2293 delectari.
746 2228 783 2291 In
819 2227 932 2311 quibus
964 2233 1072 2292 tamen
1107 2247 1162 2291 eur
1195 2225 1255 2290 viri

197 2356 284 2422 docti
306 2352 502 2432 offenderint,
526 2354 677 2437 equidem
696 2375 761 2419 non
783 2355 943 2437 intellego.
990 2352 1071 2418 Nem
1093 2353 1180 2437 quod
1202 2351 1253 2416 di-

197 2490 274 2550 eunt
295 2481 375 2547 telio
396 2479 495 2545 verba
517 2479 730 2563 posteriorum
753 2479 943 2562 scriptorum
972 2499 1040 2543 esse
1068 2478 1253 2560 praeclaro-

196 2629 259 2693 que
281 2612 408 2671 oratore
430 2602 571 2685 indigna,
593 2603 658 2667 iam
670 2602 814 2685 pluribus
827 2623 848 2666 a
864 2624 915 2668 me
939 2600 1188 2667 demonstratum
1203 2607 1256 2666 est

197 2733 305 2818 pausis
321 2728 462 2812 exeeptis
486 2726 541 2790 illa
565 2748 637 2791 cum
660 2725 745 2810 apud
769 2727 917 2810 aequales
941 2726 1163 2793 Demosthenis
1186 2734 1254 2794 tum

80 2893 85 2899 ·
196 2856 283 2942 apud
310 2852 431 2936 priores
458 2851 530 2932 legi.
586 2848 758 2914 Praeterea
787 2855 894 2915 autem
917 2849 1150 2921 Demosthenes
1181 2857 1254 2939 ipse

192 2998 289 3068 'quem
311 2975 615 3064 praestantissimum
637 2979 799 3040 oratorem
821 2974 919 3040 fuisse
942 2998 1035 3041 nemo
1054 2987 1150 3063 negat
1166 2980 1253 3045 simi-

188 3106 404 3176 'liaadhibore
427 3123 491 3167 non
510 3101 677 3167 dubitavit.
701 3100 889 3164 Tshasunt:
913 3098 1183 3188 ἐκνενευρισμένοι
1194 3102 1253 3183 ΠΙ,

196 3235 248 3299 31.
271 3228 483 3312 ἐλλεβορίζενν
497 3223 616 3300 XVIII,
633 3223 706 3288 121.
724 3224 919 3311 ἑωλοκρασία
933 3223 1043 3291 into.
1057 3226 1255 3312 λαρυγγίζευν

194 3358 243 3424 ib:
257 3352 331 3419 243.
341 3347 554 3433 ἄναχαιτίζειν
564 3345 606 3423 II,
618 3346 647 3409 9.
662 3343 898 3434 ἒκτραχηλίζευν
908 3345 1034 3425 IX,'51:
1049 3371 1133 3435 quae
1147 3354 1253 3418 omnia

186 3501 261 3548 ‘non
288 3477 391 3541 minus
425 3493 522 3555 quam
553 3469 667 3554 quibus
698 3470 778 3535 haec
813 3472 913 3536 oratio
939 3473 1064 3538 excellit
1087 3479 1254 3558 tamquam

195 3609 336 3691 τραχεῖαι
357 3598 458 3682 λέξεις
480 3594 672 3662 aveterihus
694 3596 908 3679 grammaticis
930 3597 1253 3690 reprehenduntur.l*)

267 3889 290 3953 ⁶)
309 3885 342 3938 of.
361 3885 478 3949 Hermog.
498 3884 545 3939 Ill.
570 3885 621 3935 233
644 3884 712 3943 λέξις
732 3881 761 3935 δι’
784 3888 893 3954 τραχεῖα
916 3883 931 3947 ἦ
954 3884 1117 3958 τετραμμένη
1140 3884 1185 3934 καὶ
1204 3883 1252 3952 ἀφ’

199 3976 286 4040 ἑαυτῆς
303 3971 410 4044 σκληρά,
431 3964 492 4024 υἱόν
511 3975 562 4025 ἐστι
579 3991 601 4024 κ,
623 3990 640 4024 τ.
661 3973 683 4024 λ.
