2768 4520
158 126 201 192 42

246 340 361 408 Adhuc
388 339 607 409 demonstrem
635 343 813 411 studuimus
842 347 875 410 in
911 346 1054 421 oratione
1087 347 1218 411 omuino

157 464 235 532 nihil
262 467 375 541 inesse,
403 465 491 550 qnod
513 486 533 531 a
554 485 631 533 vero
649 464 832 533 abhorrent.
858 466 952 534 Nunc
973 474 1086 534 coutm
1115 488 1216 552 quoe

157 607 279 667 remus,
310 610 388 656 num
423 589 500 674 quid
533 591 612 656 certi
643 610 683 657 ex
717 612 758 659 ce
793 593 863 677 ipse
903 612 1015 659 eruere
1046 594 1216 678 possimus

157 713 228 793 Qus
248 715 282 780 in
304 734 339 782 re
361 716 413 781 vix
435 715 533 782 ullum
548 717 673 785 certius
696 717 854 801 genuinae
876 718 1033 787 orationis
1046 736 1216 802 augumen-

156 848 224 907 tum
245 841 436 921 invenietur,
457 862 556 927 quom
570 842 655 926 quod
679 842 825 913 homines
845 845 880 909 in
906 845 1109 922 suscitentur,
1134 862 1217 927 quos

100 978 102 982 ’
158 974 228 1034 him
242 967 339 1034 fnisse
355 969 412 1034 elii
434 988 562 1052 quoque
585 969 756 1053 scriptores
778 969 999 1037 testificentur.
1044 968 1118 1037 lem
1140 987 1218 1033 neno

155 1092 297 1175 Hegemo
318 1098 351 1157 et
373 1090 545 1170 Demades,
568 1108 649 1175 quos
672 1099 783 1158 oretur
805 1093 849 1161 sb
875 1093 1092 1177 Anistogitone
1119 1110 1217 1157 eccu-

155 1224 243 1283 satos
271 1215 372 1282 fuisse
399 1214 550 1295 ostendit,
581 1221 724 1283 oratores
762 1216 967 1301 intellegendi
1000 1223 1077 1282 eunt
1108 1214 1215 1294 iidem,

156 1341 209 1425 qui
233 1340 457 1406 Demosthenis
479 1346 586 1407 estete
609 1341 823 1408 Macedonum
845 1342 942 1410 rebus
969 1340 1131 1411 fovebunt
1173 1340 1215 1406 ct

155 1464 243 1530 Dem.
267 1465 306 1531 de
329 1485 393 1531 eor.
410 1469 430 1548 ξ
450 1464 526 1531 285.
571 1463 869 1533 sumptumque
889 1466 1072 1532 Eleusinios
1089 1464 1215 1530 videtur

155 1588 238 1654 idem
251 1608 322 1656 esee
334 1589 554 1668 calumniator,
569 1588 658 1657 cuiue
669 1589 897 1657 Demosthenes
908 1590 1007 1657 semel
1018 1590 1214 1656 mentionem

154 1710 231 1780 lecit
252 1712 307 1801 (de
330 1731 395 1779 cor.
419 1717 439 1795 ξ
462 1712 551 1800 249),
574 1730 767 1797 quemquam
789 1712 964 1797 quidquem
986 1714 1068 1783 certi
1089 1711 1131 1778 de
1151 1711 1216 1777 hoc

155 1838 254 1904 stetui
285 1854 381 1921 posse
410 1856 500 1921 nego.
557 1834 749 1903 'lheonidem
775 1836 955 1916 Lemnium,
982 1838 1010 1902 si
1037 1834 1216 1905 Plutarcho

155 1961 284 2028 credere
304 1960 400 2038 licet,¹
412 1958 643 2027 Demosthenes
663 1980 753 2026 renen
766 1959 900 2027 feceret
922 1961 996 2048 (vit
1005 1959 1214 2047 Domclt)

154 2084 319 2152 Phaedone
341 2084 487 2168 deniqne,
510 2098 575 2168 qno
605 2084 768 2169 Lycurgus
796 2091 882 2152 teste
908 2107 985 2152 usus
1013 2093 1094 2165 eret,
1122 2084 1213 2157 huod

155 2215 220 2279 seio
264 2232 305 2278 en
339 2209 581 2275 Atheniensium
623 2209 798 2294 imperator
836 2210 954 2277 fueriti
967 2213 1000 2297 *l
1055 2210 1140 2294 quod
1183 2210 1211 2275 si

153 2336 310 2421 ponimus,
330 2335 451 2401 elnrim
472 2334 614 2419 intellegi
635 2356 730 2420 posse
752 2336 831 2402 mihi
851 2337 1009 2417 videntur,
1030 2357 1114 2421 quse
1136 2355 1211 2403 ore·

154 2468 207 2528 tor
244 2460 284 2526 de
312 2461 537 2545 Aristogitonis
571 2461 721 2528 conuiciis
754 2462 788 2529 in
820 2462 917 2527 duces
951 2460 1045 2527 factis
1077 2460 1213 2546 protulit

153 2585 249 2668 349.
271 2583 334 2649 Sed
357 2588 431 2649 utut
450 2604 500 2649 res
523 2602 559 2650 ee
580 2583 690 2663 hehet,
718 2584 753 2650 id
780 2592 867 2651 certe
894 2585 1132 2652 concedendum
1160 2589 1212 2650 est

154 2732 308 2795 personas
341 2710 382 2777 eb
406 2717 534 2778 mutere
557 2717 822 2779 commemoratus
851 2734 915 2780 non
941 2711 1037 2780 modo
1062 2712 1101 2777 iis
1126 2730 1211 2793 quse

154 2836 241 2922 apud
261 2836 340 2903 ulios
362 2837 513 2920 leguntur
539 2852 605 2901 non
616 2854 813 2921 depugnare,
835 2837 931 2903 immo
960 2857 1036 2904 uero
1065 2841 1210 2901 nostrum

153 2960 194 3026 de
230 2960 375 3026 oratione
411 2959 564 3031 iudicium
596 2959 734 3044 pmhere
765 2967 799 3026 et
840 2958 1037 3027 confirmare.
1067 2988 1072 2997 ·
1098 2958 1213 3042 Neque

153 3083 237 3149 enim
268 3083 308 3147 iis
340 3082 488 3146 assentiri
519 3100 658 3164 possum,
691 3084 746 3165 qui
778 3080 859 3148 heco
894 3084 1002 3157 omniu
1028 3105 1047 3150 e
1072 3080 1211 3169 hycmgi

152 3205 203 3274 vel
224 3203 395 3290 Hypeiidis
416 3204 468 3271 uel
489 3202 625 3271 oliorum
646 3206 846 3273 orationihus
867 3206 989 3275 collata
1012 3228 1080 3275 esse
1101 3207 1209 3290 suspi-

153 3338 275 3399 centur·
326 3328 409 3395 llum
436 3333 473 3395 ut
500 3337 624 3396 tcoeum
652 3330 864 3414 suspicionem
890 3331 979 3398 illam
1013 3329 1211 3397 emtionibus

151 3456 229 3540 ipsis
249 3452 385 3538 peditis
406 3454 494 3520 nullo
523 3453 619 3522 modo
643 3454 824 3525 eonfiimmi
852 3478 959 3541 posse,
986 3457 1133 3524 hominos
1161 3454 1209 3521 illi

224 3632 250 3698 ’l
268 3629 302 3684 uf.
321 3631 384 3683 titul
408 3632 476 3698 apud
499 3632 621 3699 Rengebt
647 3631 679 3687 Α.
697 3634 730 3688 Η.
749 3634 819 3690 1111.
839 3636 900 3688 401.
936 3634 1062 3691 ...uui
1088 3632 1211 3706 Φαῖδρος

154 3722 170 3775 d
191 3715 333 3794 στρατηγὸς
357 3714 539 3791 qnqyyelor
565 3711 698 3793 δεδόχθαι
724 3719 761 3795 τῷ
784 3719 864 3793 dipem
881 3720 928 3788 τὴν
949 3721 1012 3793 ude
1034 3721 1140 3792 qsliulr
1162 3723 1211 3775 me*

152 3805 199 3877 τὴν
215 3811 375 3879 συμμαχίαν
391 3806 525 3883 ὑπάρχειν
544 3807 590 3880 [uqi
607 3807 696 3882 δὴμ1ῳ
716 3807 753 3882 τῷ
769 3810 977 3881 ΜυτιΙληναιἹων
999 3806 1065 3885 πρὸς
1079 3804 1128 3871 m'r
1148 3806 1208 3878 ‹iffi-

153 3918 208 3969 μον
226 3892 282 3965 τό]ν
296 3895 448 3961 Ἀθηναίων
468 3916 492 3952 κ.
510 3917 529 3950 τ.
548 3900 572 3952 λ.
610 3900 648 3950 De
671 3900 758 3952 eodem
788 3903 838 3953 viro
862 3898 911 3954 vid.
935 3904 992 3952 actu
1015 3902 1098 3951 societ.
1122 3897 1209 3965 philol.

154 3985 307 4051 wirceburg.
327 3985 366 4038 ed.
386 3985 484 4039 Urhchs
506 3987 581 4040 1862.
600 4004 624 4054 p.
643 3989 684 4041 97.
704 4004 759 4055 sqq.
