2768 4520
1212 140 1230 204 7
1370 204 1371 209 ,

259 352 279 430 ξ
303 349 356 415 41.
411 352 774 436 διαβαπτίζεσθαι,
803 349 888 415 idem
914 351 1001 433 quod
1023 354 1230 438 διαλοιδορεῑ-
1292 404 1296 415 .

167 476 258 551 σθαι,
284 473 310 536 si
332 473 442 541 lexicis
461 472 557 539 fldem
579 473 701 543 habore
715 473 803 539 licet:
828 472 958 539 verbnm
984 474 1026 541 do
1046 474 1243 543 ¹lavantibus-

168 593 308 674 ductum,
330 616 470 682 quornm
494 597 549 664 alii
571 598 651 665 alios
673 614 731 681 per
746 597 851 665 iocum
866 602 899 663 ct
912 597 994 663 risus
1009 599 1114 682 gratia
1128 600 1230 666 situlis

167 738 272 801 aquae
293 728 404 787 mutuo
429 721 465 789 in
491 742 552 788 ora
570 721 702 806 ingestis
724 719 928 805 perfundunt.
962 721 1000 787 cf.
1033 723 1140 811 Reisln
1164 726 1230 794 inci

172 865 219 926 gr.
242 866 274 928 p.
296 845 373 911 477.
396 851 430 911 et
451 844 490 911 G.
513 844 553 911 H.
576 844 738 912 Schaofer.
761 866 835 929 app.
857 846 928 910 crit
951 846 1006 924 lV,
1028 870 1058 930 p.
1082 848 1148 914 335
1162 871 1208 933 sq.

256 991 276 1070 g
297 989 349 1052 42.
400 986 622 1079 στασιώδης
643 987 709 1056 καὶ
730 985 979 1079 ταραχώδης,
1008 990 1176 1058 seditiosus
1198 1000 1231 1060 et
1275 990 1278 995 ’

167 1110 374 1179 turbulentus.
419 1112 510 1179 Hanc
532 1134 643 1179 vocem
663 1114 786 1179 invenis
809 1110 991 1197 epudXen.
1014 1134 1106 1181 mem.
1129 1115 1170 1194 11,
1198 1118 1227 1195 6,

166 1237 205 1312 4;
219 1235 307 1302 iliam
329 1237 415 1319 apud
439 1238 535 1302 Isocr.
558 1237 614 1319 lv,
637 1236 691 1302 48.
715 1235 812 1301 Thuc
836 1236 924 1300 alios.

151 1397 155 1403 “
263 1383 284 1462 ξ
305 1380 360 1445 43.
383 1377 810 1467 παρακινδυνευτικός,
832 1378 948 1445 audax.
975 1379 1016 1456 cf.
1036 1351 1118 1448 Plat.
1143 1383 1230 1468 Soph

166 1524 199 1588 p.
222 1504 298 1570 242.
321 1503 358 1569 Β.
380 1527 448 1589 rep.
471 1505 528 1571 VI.
551 1525 585 1589 p.
607 1499 682 1570 497.
704 1502 741 1569 Β.

255 1647 351 1730 646.
404 1645 571 1727 ἀκονᾶν,
601 1647 687 1713 cuins
709 1646 750 1711 de
771 1643 999 1729 significatione
1027 1630 1088 1715 sid.
1111 1648 1229 1717 Sohae-

167 1770 225 1835 icr.
247 1791 357 1855 appar.
379 1770 438 1873 17,
463 1771 538 1836 340.
562 1770 604 1836 cf.
629 1768 813 1836 Psi-Dcm.
836 1768 949 1853 apli,
970 1793 1000 1855 p.
1025 1771 1120 1851 1469.

255 1912 355 1994 547.
399 1910 622 1988 conscisso,
661 1912 813 1988 incutere,
848 1932 907 1996 pro
936 1910 1080 1983 ἅπειλεδι
1108 1915 1146 1985 ci.
1176 1918 1229 1983 Ar.

167 2033 245 2099 Ach.
268 2034 342 2098 347.

255 2163 275 2245 ξ
298 2158 351 2224 48.
385 2156 603 2240 μοσχεύειο
629 2159 785 2241 „tenellos
807 2160 929 2243 stipites
952 2161 995 2230 ad
1016 2164 1133 2259 iustam
1153 2191 1230 2254 pro.

164 2283 332 2350 ceritatem
369 2280 534 2348 eciucare.“
567 2279 674 2347 Reisk.
710 2282 782 2349 Vox
814 2285 1098 2373 saepiusnsurpata
1133 2300 1183 2361 cst
1209 2319 1231 2363 a

166 2403 401 2492 Theophrasto.
416 2403 454 2470 cf.
471 2404 512 2470 dc
535 2406 778 2490 conspicati,
794 2409 825 2486 2,
842 2412 871 2472 1.
894 2409 952 2488 ΙΠ,
975 2411 1006 2489 5,
1029 2414 1046 2476 l
1065 2420 1124 2482 cic.
1224 2481 1226 2486 2

254 2551 275 2630 g
298 2546 353 2612 60.
395 2543 654 2654 σπαράττειν,
677 2522 883 2616 conviciando
905 2550 1056 2639 lacerace.
1085 2557 1132 2641 cf.¹
1147 2558 1229 2628 Plat.

165 2694 231 2759 rep.
254 2672 279 2751 I,
301 2694 333 2758 p.
356 2670 421 2741 539
444 2671 481 2736 Β.
505 2671 559 2738 Ar.
583 2673 663 2738 Ran.
685 2673 760 2739 641.

254 2801 274 2880 ξ
296 2795 349 2862 52.
400 2800 673 2884 προσφοιτᾶν,
707 2798 889 2882 frequentor
905 2762 1071 2871 'amedera
1094 2803 1133 2873 cf.
1156 2805 1228 2893 Lys.

165 2922 219 2999 23,
243 2922 273 2986 3.
297 2922 352 3001 24,
373 2922 427 2985 20.

253 3061 329 3133 ibic
345 3058 556 3149 ἀνίδρυτος
570 3060 723 3149 Haspoor.
740 3067 774 3133 et
784 3060 1048 3148 secespitam
1057 3085 1115 3150 per
1126 3066 1228 3154 διεξί-

163 3188 288 3264 λασιος,
309 3183 392 3251 male
415 3183 558 3268 quidam,
581 3191 619 3251 nt
640 3185 788 3253 Reiskius
810 3187 933 3270 primus
949 3185 1036 3254 sidit.
1062 3188 1229 3281 ἀνίδρυτος

165 3314 227 3388 est,
242 3309 295 3374 cui
308 3308 414 3376 atilae
429 3313 504 3374 sunt
520 3314 628 3379 certae
644 3309 845 3381 fortunarum
857 3306 959 3378 sedes.
975 3309 1013 3378 ci.
1028 3314 1081 3380 Ar.
1095 3315 1227 3401 Lysistr.

166 3434 241 3501 809.
271 3433 320 3499 Do
343 3433 522 3501 disciimine
550 3437 729 3522 scripturae
756 3435 924 3525 ἀνίδρυτος
951 3443 985 3507 ot
1011 3435 1159 3529 ἀΐδροιος
1186 3444 1227 3513 ci.
1351 3510 1354 3514 .

164 3555 292 3627 sonsa
314 3556 356 3627 aa
378 3558 496 3647 says
515 3582 546 3644 p.
571 3560 645 3629 iso.

253 3699 295 3767 ib.
319 3694 565 3811 ἄσπειστος,Ι
586 3704 732 3789 immiti83
760 3710 891 3790 praeter
918 3704 1002 3773 hunc
1028 3706 1133 3777 Ιοοωα
1163 3731 1227 3777 non

165 3824 280 3907 legion
315 3826 379 3895 nisi
401 3827 488 3913 apud
521 3827 605 3895 Plnt.
633 3848 712 3896 mor.
735 3851 767 3913 p.
784 3829 847 3895 637
876 3829 912 3895 Β.
958 3829 1123 3914 Significat
1143 3834 1227 3900 idem

167 3948 254 4032 quod
276 3944 441 4030 ἄσπονδος
463 3951 504 4020 cf.
529 3953 619 4020 Doni.
641 3952 682 4020 de
705 3972 812 4020 coron.
836 3959 867 4037 g.
889 3955 962 4019 262.
