2768 4520
160 131 203 194 48

161 341 323 426 Lycurgus
351 343 514 426 ceterique
543 349 687 409 oratores
715 342 765 407 vel
793 342 919 426 patroni
946 347 1057 426 aperte
1084 340 1216 425 privatis

161 463 340 531 hominibus
363 467 585 549 opponuntur?

249 587 384 654 Dicendi
407 608 506 672 genus
528 610 599 655 oum
622 588 791 673 diligenter
812 590 1038 672 examinarem,
1066 588 1146 655 nihil
1167 588 1217 653 in-

162 714 317 799 vestigare
331 714 432 801 potui,
450 715 536 796 quod
552 736 573 781 a
588 736 669 799 puro
690 734 835 780 sermone
848 714 954 779 Attico
970 713 1110 780 alienum
1124 717 1217 778 esset.

160 839 204 903 Et
215 838 359 923 singulae
370 858 464 904 voees
477 844 510 904 et
528 839 716 922 compositio
731 860 841 905 earum
853 839 976 904 auctori
989 859 1061 904 eum
1075 836 1217 922 plurimis

160 963 274 1030 Atticis
303 961 511 1047 scriptoribus
538 983 723 1028 communes
750 968 832 1029 sunt.
884 961 949 1029 Sed
982 964 1009 1027 si
1037 961 1218 1028 universam

160 1087 311 1155 orationis
333 1086 471 1152 indolem
494 1087 664 1164 intuemur,
686 1105 803 1171 negare
817 1106 881 1152 non
902 1106 1068 1170 possumus
1082 1085 1217 1151 multum

161 1234 233 1279 eam
248 1210 377 1278 asolita
386 1210 565 1276 orationum
576 1209 771 1277 iudicialium
786 1210 909 1276 ratione
924 1209 1081 1276 recedere.
1104 1209 1217 1293 Neque

159 1339 243 1405 enim
265 1341 376 1403 narrat
395 1340 506 1402 orator
532 1354 636 1420 neque
656 1340 913 1419 argumentatur:
935 1334 1060 1402 ieiunus
1087 1338 1137 1399 est
1164 1338 1216 1399 at·
1295 1379 1299 1383 „

160 1483 222 1547 que
243 1458 387 1545 frigidus,
406 1460 440 1524 in
462 1460 665 1545 peroratione
689 1459 758 1524 sola
780 1458 824 1527 ad
846 1458 1009 1542 quandam
1029 1459 1093 1525 vim
1107 1478 1216 1525 assur·

159 1607 234 1671 gere
255 1583 335 1650 mihi
356 1581 490 1649 ridetur.
542 1584 586 1648 At
620 1602 750 1649 causam
786 1582 813 1648 si
842 1583 915 1666 quis
943 1589 1085 1667 quaeret,
1110 1583 1144 1648 in
1178 1604 1216 1649 eo

159 1709 254 1776 facile
276 1707 427 1785 inveniet,
449 1705 536 1791 quod
557 1705 599 1773 ab
630 1707 810 1774 oratoribut
836 1706 994 1790 prioribus
1023 1709 1130 1774 omnia
1151 1709 1216 1774 iam

162 1833 402 1902 accuratissime
437 1832 582 1917 exposita
618 1831 759 1921 erant.*)
802 1833 875 1898 Jam
904 1833 969 1898 dixi
999 1832 1114 1917 prieris
1142 1854 1215 1900 ora·

159 1959 254 2025 tionis
289 1962 453 2025 auctorem
485 1956 663 2023 identidem
695 1958 786 2040 queri
819 1955 908 2041 quod
944 1957 1105 2042 Lycurgus
1137 1956 1218 2024 nihil

159 2086 227 2151 fere
260 2081 320 2148 sibi
356 2081 533 2165 reliquerit,
569 2080 656 2165 quod
689 2080 861 2167 proferret:
911 2081 988 2165 quid
1023 2081 1121 2166 igitur
1155 2082 1216 2147 mi-

159 2206 304 2288 randum,
333 2204 419 2289 quod
447 2205 547 2289 isqui
570 2204 681 2270 tertias
703 2204 820 2289 agebat
841 2210 960 2290 partes,
989 2206 1089 2272 multo
1114 2206 1217 2290 magis

160 2353 258 2418 quam
278 2330 332 2395 ille
360 2330 391 2394 vi
419 2335 451 2394 et
483 2329 577 2413 copia
607 2331 738 2396 careat?
789 2328 947 2414 Compara
982 2351 1103 2414 quaeso
1143 2351 1216 2397 oum

159 2456 220 2522 hac
243 2455 385 2521 oratione
408 2451 488 2520 duas
504 2454 619 2538 Lysiae
641 2475 723 2537 quas
739 2453 773 2518 in
795 2452 907 2519 eadem
926 2454 1100 2522 Alcibiadis
1116 2476 1217 2523 causa

160 2580 288 2647 habitas
325 2598 394 2644 esse
420 2577 572 2642 novimus·
624 2577 764 2657 Quarum
792 2578 898 2644 altera
924 2598 1026 2661 eoque
1054 2579 1217 2664 tritologia

160 2723 243 2788 quae
266 2701 383 2766 dieitur
404 2721 508 2765 nonne
538 2700 672 2768 eandem
694 2701 892 2780 brevitatem,
919 2703 1053 2769 eundem
1074 2705 1216 2787 gravium

160 2828 416 2910 argumentorum
448 2824 587 2909 inopiam
619 2845 698 2909 prae
731 2846 767 2890 se
799 2824 863 2890 lert
897 2831 994 2910 atque
1028 2828 1108 2894 haec
1142 2829 1215 2913 ipsa

160 2951 284 3017 oratio?

247 3075 321 3143 Jam
343 3094 417 3140 vero
439 3074 553 3140 adres
575 3073 764 3142 accedamus
793 3096 878 3158 quae
903 3076 937 3142 in
967 3077 1112 3143 oratione
1138 3097 1214 3161 pro-

157 3203 311 3269 feruntur.
358 3199 396 3303 ln
419 3199 533 3283 quibus
556 3199 699 3283 quamuis
714 3199 819 3287 ‚insint
833 3222 917 3285 quae
932 3202 1064 3268 multum
1080 3200 1216 3268 difficul-

158 3328 235 3394 tatis
267 3324 385 3391 habere
415 3323 593 3401 videantur,
627 3329 734 3389 tamen
770 3344 809 3390 ea
841 3347 900 3392 nos
932 3326 1116 3393 sublaturos
1148 3346 1218 3391 esse

159 3470 330 3537 speramus.
373 3448 516 3513 Primum
537 3447 635 3530 igitur
663 3448 742 3513 illud
776 3448 1006 3534 respiciendum
1041 3454 1100 3523 est,
1132 3449 1218 3535 quod

159 3584 268 3644 orator
290 3575 404 3659 prioris
427 3573 580 3639 orationis
603 3579 733 3640 auctore
757 3576 884 3641 omnino
912 3575 1056 3658 neglecto
1079 3574 1218 3660 Lycurgi

159 3706 284 3767 tantum
312 3698 506 3764 mentionem
537 3698 617 3764 feeit
649 3699 795 3764 oratorie.
852 3697 915 3765 Sed
948 3694 1020 3765 oum
1053 3698 1218 3784 Lycurgus

157 3877 369 3893 m

172 3970 195 4033 ⁸)
215 3967 248 4018 cf.
269 3983 298 4018 oa
317 3981 384 4033 quae
404 3965 505 4018 Woltius
524 3968 556 4019 de
574 3968 623 4020 lrac
640 3982 667 4018 re
686 3966 770 4017 docuit
789 3964 937 4030 inprolqu.
957 3965 989 4015 ad
1008 3963 1078 4029 Lept.
1098 3962 1215 4014 XLVIII.
