<?xml version="1.0" encoding="UTF-8"?>
<!DOCTYPE html PUBLIC "-//W3C//DTD XHTML 1.0 Transitional//EN"
    "http://www.w3.org/TR/xhtml1/DTD/xhtml1-transitional.dtd">
<html xmlns="http://www.w3.org/1999/xhtml" xml:lang="en" lang="en">
 <head>
  <title>
</title>
<meta http-equiv="Content-Type" content="text/html;charset=utf-8" />
  <meta name='ocr-system' content='tesseract 3.04.00' />
  <meta name='ocr-capabilities' content='ocr_page ocr_carea ocr_par ocr_line ocrx_word'/>
</head>
<body>
  <div class='ocr_page' id='page_1' title='image "./dedvabvsadversv00braugoog_0022.png"; bbox 0 0 2806 4550; ppageno 0'>
   <div class='ocr_carea' id='block_1_1' title="bbox 1202 163 1243 224">
    <p class='ocr_par' dir='ltr' id='par_1_1' title="bbox 1202 163 1243 224">
     <span class='ocr_line' id='line_1_1' title="bbox 1202 163 1243 224; baseline 0.049 -2"><span class='ocrx_word' id='word_1_1' title='bbox 1202 163 1243 224; x_wconf 84' lang='lat'>13</span> 
     </span>
    </p>
   </div>
   <div class='ocr_carea' id='block_1_2' title="bbox 183 318 1243 422">
    <p class='ocr_par' dir='ltr' id='par_1_2' title="bbox 183 318 1243 422">
     <span class='ocr_line' id='line_1_2' title="bbox 183 318 1243 422; baseline 0.003 -22"><span class='ocrx_word' id='word_1_2' title='bbox 183 333 285 401; x_wconf 82' lang='grc' dir='ltr'><strong><em>κόνων</em></strong></span> <span class='ocrx_word' id='word_1_3' title='bbox 308 332 436 412; x_wconf 79' lang='grc' dir='ltr'><strong><em>ἕκαστος</em></strong></span> <span class='ocrx_word' id='word_1_4' title='bbox 459 332 607 422; x_wconf 57' lang='lat' dir='ltr'>decerpet</span> <span class='ocrx_word' id='word_1_5' title='bbox 630 328 732 405; x_wconf 76' lang='grc' dir='ltr'><strong><em>ποιεί,</em></strong></span> <span class='ocrx_word' id='word_1_6' title='bbox 761 332 855 399; x_wconf 69' lang='grc' dir='ltr'><strong><em>ταῦθ’</em></strong></span> <span class='ocrx_word' id='word_1_7' title='bbox 879 318 970 407; x_wconf 72' lang='grc' dir='ltr'><strong><em>οὗτος</em></strong></span> <span class='ocrx_word' id='word_1_8' title='bbox 993 330 1094 416; x_wconf 78' lang='grc' dir='ltr'><strong><em>μόνον</em></strong></span> <span class='ocrx_word' id='word_1_9' title='bbox 1121 334 1160 403; x_wconf 78' lang='grc' dir='ltr'>οὐ</span> <span class='ocrx_word' id='word_1_10' title='bbox 1182 333 1243 403; x_wconf 79' lang='grc' dir='ltr'><strong><em>καί·</em></strong></span> 
     </span>
    </p>
   </div>
   <div class='ocr_carea' id='block_1_3' title="bbox 162 454 1250 3410">
    <p class='ocr_par' dir='ltr' id='par_1_3' title="bbox 162 454 1250 3410">
     <span class='ocr_line' id='line_1_3' title="bbox 181 454 1244 546; baseline 0.001 -21"><span class='ocrx_word' id='word_1_11' title='bbox 181 461 283 534; x_wconf 80' lang='grc' dir='ltr'><strong><em>δανας</em></strong></span> <span class='ocrx_word' id='word_1_12' title='bbox 306 454 512 545; x_wconf 78' lang='grc' dir='ltr'><strong><em>ἐξαψάμενος</em></strong></span> <span class='ocrx_word' id='word_1_13' title='bbox 536 455 766 546; x_wconf 76' lang='grc' dir='ltr'><strong><em>διαπράττεται.</em></strong></span> <span class='ocrx_word' id='word_1_14' title='bbox 812 456 903 521; x_wconf 86' lang='lat' dir='ltr'><strong>Addo</strong></span> <span class='ocrx_word' id='word_1_15' title='bbox 921 455 1034 522; x_wconf 89' lang='lat' dir='ltr'>duram</span> <span class='ocrx_word' id='word_1_16' title='bbox 1050 457 1244 543; x_wconf 73' lang='lat' dir='ltr'>allegoriam,</span> 
     </span>
     <span class='ocr_line' id='line_1_4' title="bbox 183 574 1243 671; baseline 0.004 -24"><span class='ocrx_word' id='word_1_17' title='bbox 183 602 280 666; x_wconf 89' lang='lat' dir='ltr'>quam</span> <span class='ocrx_word' id='word_1_18' title='bbox 302 582 434 664; x_wconf 81' lang='lat' dir='ltr'>legimus</span> <span class='ocrx_word' id='word_1_19' title='bbox 468 584 489 663; x_wconf 65' lang='grc' dir='ltr'><em>ξ</em></span> <span class='ocrx_word' id='word_1_20' title='bbox 513 581 570 645; x_wconf 79' lang='lat'>84:</span> <span class='ocrx_word' id='word_1_21' title='bbox 593 577 638 671; x_wconf 70' lang='grc' dir='ltr'>μὴ</span> <span class='ocrx_word' id='word_1_22' title='bbox 662 581 701 670; x_wconf 67' lang='lat' dir='ltr'>m}</span> <span class='ocrx_word' id='word_1_23' title='bbox 725 577 806 666; x_wconf 81' lang='grc' dir='ltr'><strong><em>πρὸς</em></strong></span> <span class='ocrx_word' id='word_1_24' title='bbox 829 574 885 655; x_wconf 68' lang='grc' dir='ltr'>οὓς</span> <span class='ocrx_word' id='word_1_25' title='bbox 908 576 1002 655; x_wconf 76' lang='grc' dir='ltr'><strong><em>αὐτὸς</em></strong></span> <span class='ocrx_word' id='word_1_26' title='bbox 1018 577 1140 663; x_wconf 79' lang='grc' dir='ltr'><strong><em>ἔχωσας</em></strong></span> <span class='ocrx_word' id='word_1_27' title='bbox 1154 586 1243 668; x_wconf 78' lang='grc' dir='ltr'><strong><em>λιμέ-</em></strong></span> 
     </span>
     <span class='ocr_line' id='line_1_5' title="bbox 180 701 1243 794; baseline -0.001 -21"><span class='ocrx_word' id='word_1_28' title='bbox 180 732 237 782; x_wconf 83' lang='grc' dir='ltr'><strong><em>νας</em></strong></span> <span class='ocrx_word' id='word_1_29' title='bbox 258 706 312 773; x_wconf 81' lang='grc' dir='ltr'><strong><em>καὶ</em></strong></span> <span class='ocrx_word' id='word_1_30' title='bbox 334 702 503 793; x_wconf 80' lang='grc' dir='ltr'><strong><em>προβόλων</em></strong></span> <span class='ocrx_word' id='word_1_31' title='bbox 530 703 721 794; x_wconf 65' lang='grc' dir='ltr'><strong><em>(ἐνέπλησας,</em></strong></span> <span class='ocrx_word' id='word_1_32' title='bbox 755 701 834 788; x_wconf 87' lang='grc' dir='ltr'><strong><em>πρός</em></strong></span> <span class='ocrx_word' id='word_1_33' title='bbox 856 703 986 781; x_wconf 80' lang='grc' dir='ltr'><strong><em>τούτους</em></strong></span> <span class='ocrx_word' id='word_1_34' title='bbox 1016 710 1243 794; x_wconf 82' lang='grc' dir='ltr'><strong><em>προσορμίζου.</em></strong></span> 
     </span>
     <span class='ocr_line' id='line_1_6' title="bbox 183 826 1244 911; baseline 0.003 -16"><span class='ocrx_word' id='word_1_35' title='bbox 183 831 312 908; x_wconf 84' lang='lat' dir='ltr'>Quanto</span> <span class='ocrx_word' id='word_1_36' title='bbox 333 829 442 894; x_wconf 88' lang='lat' dir='ltr'>mitius</span> <span class='ocrx_word' id='word_1_37' title='bbox 465 836 578 894; x_wconf 88' lang='lat' dir='ltr'>contra</span> <span class='ocrx_word' id='word_1_38' title='bbox 605 826 694 911; x_wconf 84' lang='lat' dir='ltr'>illud,</span> <span class='ocrx_word' id='word_1_39' title='bbox 724 827 810 911; x_wconf 89' lang='lat' dir='ltr'>quod</span> <span class='ocrx_word' id='word_1_40' title='bbox 842 826 883 892; x_wconf 89' lang='lat' dir='ltr'>de</span> <span class='ocrx_word' id='word_1_41' title='bbox 916 829 980 894; x_wconf 86' lang='lat' dir='ltr'>aris</span> <span class='ocrx_word' id='word_1_42' title='bbox 1012 829 1047 894; x_wconf 92' lang='lat' dir='ltr'>in</span> <span class='ocrx_word' id='word_1_43' title='bbox 1080 830 1244 898; x_wconf 91' lang='lat' dir='ltr'>hominum</span> 
     </span>
     <span class='ocr_line' id='line_1_7' title="bbox 182 952 1245 1043; baseline -0.002 -20"><span class='ocrx_word' id='word_1_44' title='bbox 182 956 297 1023; x_wconf 89' lang='lat' dir='ltr'>animis</span> <span class='ocrx_word' id='word_1_45' title='bbox 320 955 499 1021; x_wconf 87' lang='lat' dir='ltr'>constitutis</span> <span class='ocrx_word' id='word_1_46' title='bbox 522 959 631 1019; x_wconf 87' lang='lat' dir='ltr'>orator</span> <span class='ocrx_word' id='word_1_47' title='bbox 653 954 715 1021; x_wconf 88' lang='lat' dir='ltr'>ait:</span> <span class='ocrx_word' id='word_1_48' title='bbox 731 954 796 1021; x_wconf 80' lang='grc' dir='ltr'><strong><em>,καὶ</em></strong></span> <span class='ocrx_word' id='word_1_49' title='bbox 828 957 918 1043; x_wconf 80' lang='grc' dir='ltr'><strong><em>δίκης</em></strong></span> <span class='ocrx_word' id='word_1_50' title='bbox 949 976 983 1035; x_wconf 83' lang='grc' dir='ltr'>γε</span> <span class='ocrx_word' id='word_1_51' title='bbox 1012 955 1065 1020; x_wconf 83' lang='grc' dir='ltr'><strong><em>καὶ</em></strong></span> <span class='ocrx_word' id='word_1_52' title='bbox 1093 952 1245 1040; x_wconf 78' lang='grc' dir='ltr'><strong><em>εὐνομίας</em></strong></span> 
     </span>
     <span class='ocr_line' id='line_1_8' title="bbox 169 1075 1245 1169; baseline 0.004 -25"><span class='ocrx_word' id='word_1_53' title='bbox 169 1079 235 1147; x_wconf 82' lang='grc' dir='ltr'><strong><em>’καὶ</em></strong></span> <span class='ocrx_word' id='word_1_54' title='bbox 258 1079 369 1154; x_wconf 79' lang='grc' dir='ltr'><strong><em>αἰδοῦς</em></strong></span> <span class='ocrx_word' id='word_1_55' title='bbox 391 1079 454 1145; x_wconf 84' lang='grc' dir='ltr'><strong><em>είσι</em></strong></span> <span class='ocrx_word' id='word_1_56' title='bbox 476 1080 574 1169; x_wconf 83' lang='grc' dir='ltr'><strong><em>πᾶσαν</em></strong></span> <span class='ocrx_word' id='word_1_57' title='bbox 595 1075 783 1165; x_wconf 73' lang='grc' dir='ltr'><strong><em>ἀνθρώποις</em></strong></span> <span class='ocrx_word' id='word_1_58' title='bbox 809 1081 925 1164; x_wconf 79' lang='grc' dir='ltr'><strong><em>βωμοί,</em></strong></span> <span class='ocrx_word' id='word_1_59' title='bbox 952 1080 984 1143; x_wconf 78' lang='lat' dir='ltr'>oi</span> <span class='ocrx_word' id='word_1_60' title='bbox 1003 1075 1066 1162; x_wconf 82' lang='grc' dir='ltr'>μὲν</span> <span class='ocrx_word' id='word_1_61' title='bbox 1085 1075 1245 1148; x_wconf 79' lang='grc' dir='ltr'><strong><em>κάλλιστοι</em></strong></span> 
     </span>
     <span class='ocr_line' id='line_1_9' title="bbox 182 1200 1244 1299; baseline 0.002 -30"><span class='ocrx_word' id='word_1_62' title='bbox 182 1205 236 1271; x_wconf 78' lang='grc' dir='ltr'><strong><em>καί</em></strong></span> <span class='ocrx_word' id='word_1_63' title='bbox 259 1200 426 1299; x_wconf 67' lang='grc' dir='ltr'><strong><em>ἁγιώτατοι</em></strong></span> <span class='ocrx_word' id='word_1_64' title='bbox 453 1200 489 1269; x_wconf 83' lang='grc' dir='ltr'>ἕν</span> <span class='ocrx_word' id='word_1_65' title='bbox 517 1201 597 1293; x_wconf 76' lang='grc' dir='ltr'><strong><em>αὐτῇ</em></strong></span> <span class='ocrx_word' id='word_1_66' title='bbox 626 1203 664 1293; x_wconf 73' lang='grc' dir='ltr'>νῇ</span> <span class='ocrx_word' id='word_1_67' title='bbox 695 1203 789 1292; x_wconf 71' lang='grc' dir='ltr'>ψυχῇ</span> <span class='ocrx_word' id='word_1_68' title='bbox 822 1202 956 1271; x_wconf 77' lang='grc' dir='ltr'><strong><em>ἕκαστον</em></strong></span> <span class='ocrx_word' id='word_1_69' title='bbox 986 1204 1039 1271; x_wconf 78' lang='grc' dir='ltr'><strong><em>καὶ</em></strong></span> <span class='ocrx_word' id='word_1_70' title='bbox 1072 1206 1109 1295; x_wconf 72' lang='grc' dir='ltr'>τῇ</span> <span class='ocrx_word' id='word_1_71' title='bbox 1140 1201 1244 1290; x_wconf 76' lang='grc' dir='ltr'><strong><em>φύσει,</em></strong></span> 
     </span>
     <span class='ocr_line' id='line_1_10' title="bbox 185 1323 1244 1417; baseline 0.005 -25"><span class='ocrx_word' id='word_1_72' title='bbox 185 1329 218 1392; x_wconf 85' lang='grc' dir='ltr'>οί</span> <span class='ocrx_word' id='word_1_73' title='bbox 240 1323 278 1393; x_wconf 77' lang='grc' dir='ltr'>δὲ</span> <span class='ocrx_word' id='word_1_74' title='bbox 300 1328 353 1394; x_wconf 85' lang='grc' dir='ltr'><strong><em>καὶ</em></strong></span> <span class='ocrx_word' id='word_1_75' title='bbox 374 1327 466 1417; x_wconf 77' lang='grc' dir='ltr'><strong><em>κοινῇ</em></strong></span> <span class='ocrx_word' id='word_1_76' title='bbox 477 1334 541 1401; x_wconf 82' lang='grc' dir='ltr'><strong><em>τοῖς</em></strong></span> <span class='ocrx_word' id='word_1_77' title='bbox 564 1328 643 1393; x_wconf 85' lang='grc' dir='ltr'><strong><em>πᾶσι</em></strong></span> <span class='ocrx_word' id='word_1_78' title='bbox 664 1327 759 1411; x_wconf 83' lang='grc' dir='ltr'><strong><em>τιμᾶν</em></strong></span> <span class='ocrx_word' id='word_1_79' title='bbox 775 1323 939 1411; x_wconf 76' lang='grc' dir='ltr'><strong><em>ἱδρίμονοι</em></strong></span> <span class='ocrx_word' id='word_1_80' title='bbox 961 1352 988 1391; x_wconf 90' lang='grc' dir='ltr'>κ.</span> <span class='ocrx_word' id='word_1_81' title='bbox 1007 1350 1031 1392; x_wconf 83' lang='grc' dir='ltr'><strong>τ.</strong></span> <span class='ocrx_word' id='word_1_82' title='bbox 1057 1331 1085 1396; x_wconf 79' lang='grc' dir='ltr'><strong>λ.</strong></span> <span class='ocrx_word' id='word_1_83' title='bbox 1108 1335 1137 1412; x_wconf 64' lang='lat'>5.</span> <span class='ocrx_word' id='word_1_84' title='bbox 1156 1329 1244 1417; x_wconf 54' lang='lat'>35³²)</span> 
     </span>
     <span class='ocr_line' id='line_1_11' title="bbox 185 1450 1245 1538; baseline 0.005 -22"><span class='ocrx_word' id='word_1_85' title='bbox 185 1451 269 1530; x_wconf 81' lang='lat' dir='ltr'>Quid</span> <span class='ocrx_word' id='word_1_86' title='bbox 285 1451 389 1517; x_wconf 88' lang='lat' dir='ltr'>dicam</span> <span class='ocrx_word' id='word_1_87' title='bbox 409 1451 448 1516; x_wconf 89' lang='lat' dir='ltr'>de</span> <span class='ocrx_word' id='word_1_88' title='bbox 465 1452 503 1516; x_wconf 87' lang='lat' dir='ltr'>iis</span> <span class='ocrx_word' id='word_1_89' title='bbox 523 1450 795 1529; x_wconf 86' lang='lat' dir='ltr'>translationibus,</span> <span class='ocrx_word' id='word_1_90' title='bbox 813 1451 926 1534; x_wconf 89' lang='lat' dir='ltr'>quibus</span> <span class='ocrx_word' id='word_1_91' title='bbox 945 1452 1119 1519; x_wconf 86' lang='lat' dir='ltr'>adversarii</span> <span class='ocrx_word' id='word_1_92' title='bbox 1134 1476 1245 1538; x_wconf 82' lang='lat' dir='ltr'>pereo·</span> 
     </span>
     <span class='ocr_line' id='line_1_12' title="bbox 187 1575 1247 1665; baseline 0.007 -25"><span class='ocrx_word' id='word_1_93' title='bbox 187 1596 262 1651; x_wconf 89' lang='lat' dir='ltr'>nam</span> <span class='ocrx_word' id='word_1_94' title='bbox 290 1575 496 1659; x_wconf 75' lang='lat' dir='ltr'>perstringit?</span> <span class='ocrx_word' id='word_1_95' title='bbox 541 1575 651 1658; x_wconf 89' lang='lat' dir='ltr'>quales</span> <span class='ocrx_word' id='word_1_96' title='bbox 682 1579 758 1665; x_wconf 86' lang='lat' dir='ltr'>sunt</span> <span class='ocrx_word' id='word_1_97' title='bbox 789 1578 910 1665; x_wconf 79' lang='grc' dir='ltr'><strong><em>θηρίον</em></strong></span> <span class='ocrx_word' id='word_1_98' title='bbox 944 1575 973 1640; x_wconf 88' lang='grc'>8.</span> <span class='ocrx_word' id='word_1_99' title='bbox 1004 1577 1055 1642; x_wconf 84' lang='grc'><strong>31.</strong></span> <span class='ocrx_word' id='word_1_100' title='bbox 1081 1578 1134 1643; x_wconf 80' lang='grc'><strong>59.</strong></span> <span class='ocrx_word' id='word_1_101' title='bbox 1161 1577 1247 1647; x_wconf 83' lang='grc' dir='ltr'><strong><em>κύων</em></strong></span> 
     </span>
     <span class='ocr_line' id='line_1_13' title="bbox 186 1696 1245 1790; baseline 0.004 -24"><span class='ocrx_word' id='word_1_102' title='bbox 186 1702 244 1766; x_wconf 69' lang='lat' dir='ltr'>eorl</span> <span class='ocrx_word' id='word_1_103' title='bbox 268 1697 374 1790; x_wconf 76' lang='grc' dir='ltr'><strong><em>δήμου</em></strong></span> <span class='ocrx_word' id='word_1_104' title='bbox 408 1700 461 1765; x_wconf 87' lang='grc'>40.</span> <span class='ocrx_word' id='word_1_105' title='bbox 484 1696 598 1785; x_wconf 79' lang='grc' dir='ltr'><strong><em>λοιμός</em></strong></span> <span class='ocrx_word' id='word_1_106' title='bbox 636 1699 688 1763; x_wconf 89' lang='grc'>80.</span> <span class='ocrx_word' id='word_1_107' title='bbox 711 1698 868 1782; x_wconf 82' lang='lat' dir='ltr'>Equidem</span> <span class='ocrx_word' id='word_1_108' title='bbox 892 1699 1037 1766; x_wconf 86' lang='lat' dir='ltr'>existimo</span> <span class='ocrx_word' id='word_1_109' title='bbox 1064 1701 1114 1767; x_wconf 89' lang='lat' dir='ltr'>his</span> <span class='ocrx_word' id='word_1_110' title='bbox 1143 1707 1245 1771; x_wconf 90' lang='lat' dir='ltr'>omni·</span> 
     </span>
     <span class='ocr_line' id='line_1_14' title="bbox 186 1822 1246 1910; baseline 0.004 -20"><span class='ocrx_word' id='word_1_111' title='bbox 186 1825 245 1890; x_wconf 89' lang='lat' dir='ltr'>bus</span> <span class='ocrx_word' id='word_1_112' title='bbox 271 1822 343 1889; x_wconf 79' lang='lat' dir='ltr'>&#39;iam</span> <span class='ocrx_word' id='word_1_113' title='bbox 380 1824 460 1890; x_wconf 87' lang='lat' dir='ltr'>satis</span> <span class='ocrx_word' id='word_1_114' title='bbox 496 1824 663 1907; x_wconf 88' lang='lat' dir='ltr'>perspicue</span> <span class='ocrx_word' id='word_1_115' title='bbox 701 1823 915 1888; x_wconf 88' lang='lat' dir='ltr'>demonstrari</span> <span class='ocrx_word' id='word_1_116' title='bbox 953 1829 1111 1890; x_wconf 87' lang='lat' dir='ltr'>oratorem</span> <span class='ocrx_word' id='word_1_117' title='bbox 1148 1849 1246 1910; x_wconf 87' lang='lat' dir='ltr'>quam</span> 
     </span>
     <span class='ocr_line' id='line_1_15' title="bbox 187 1934 1245 2032; baseline 0.006 -18"><span class='ocrx_word' id='word_1_118' title='bbox 187 1950 323 2014; x_wconf 82' lang='lat' dir='ltr'>maxime</span> <span class='ocrx_word' id='word_1_119' title='bbox 346 1969 365 2013; x_wconf 91' lang='lat' dir='ltr'>a</span> <span class='ocrx_word' id='word_1_120' title='bbox 387 1947 609 2013; x_wconf 81' lang='lat' dir='ltr'>Demosthenis</span> <span class='ocrx_word' id='word_1_121' title='bbox 632 1934 835 2032; x_wconf 81' lang='lat' dir='ltr'>simplicitate</span> <span class='ocrx_word' id='word_1_122' title='bbox 857 1948 1034 2014; x_wconf 86' lang='lat' dir='ltr'>aberrasse.</span> <span class='ocrx_word' id='word_1_123' title='bbox 1080 1950 1152 2017; x_wconf 90' lang='lat' dir='ltr'>Non</span> <span class='ocrx_word' id='word_1_124' title='bbox 1175 1952 1245 2020; x_wconf 86' lang='lat' dir='ltr'>dieo</span> 
     </span>
     <span class='ocr_line' id='line_1_16' title="bbox 189 2073 1246 2162; baseline 0.002 -23"><span class='ocrx_word' id='word_1_125' title='bbox 189 2075 229 2139; x_wconf 89' lang='lat' dir='ltr'>de</span> <span class='ocrx_word' id='word_1_126' title='bbox 266 2074 459 2158; x_wconf 83' lang='lat' dir='ltr'>singularum</span> <span class='ocrx_word' id='word_1_127' title='bbox 490 2074 738 2162; x_wconf 71' lang='lat' dir='ltr'>translationum</span> <span class='ocrx_word' id='word_1_128' title='bbox 776 2073 934 2156; x_wconf 82' lang='lat' dir='ltr'>gravitate</span> <span class='ocrx_word' id='word_1_129' title='bbox 969 2081 1002 2139; x_wconf 89' lang='lat' dir='ltr'>et</span> <span class='ocrx_word' id='word_1_130' title='bbox 1045 2075 1180 2141; x_wconf 90' lang='lat' dir='ltr'>audacia</span> <span class='ocrx_word' id='word_1_131' title='bbox 1202 2116 1246 2128; x_wconf 92' lang='grc'><strong>-</strong></span> 
     </span>
     <span class='ocr_line' id='line_1_17' title="bbox 190 2199 1248 2292; baseline 0.009 -30"><span class='ocrx_word' id='word_1_132' title='bbox 190 2199 305 2264; x_wconf 87' lang='lat' dir='ltr'>similia</span> <span class='ocrx_word' id='word_1_133' title='bbox 322 2199 419 2265; x_wconf 90' lang='lat' dir='ltr'>etiam</span> <span class='ocrx_word' id='word_1_134' title='bbox 435 2199 521 2283; x_wconf 89' lang='lat' dir='ltr'>apud</span> <span class='ocrx_word' id='word_1_135' title='bbox 536 2199 781 2292; x_wconf 79' lang='lat' dir='ltr'>Demesthenem</span> <span class='ocrx_word' id='word_1_136' title='bbox 797 2199 943 2281; x_wconf 86' lang='lat' dir='ltr'>leguntur</span> <span class='ocrx_word' id='word_1_137' title='bbox 960 2237 999 2248; x_wconf 89' lang='lat'><em>-</em></span> <span class='ocrx_word' id='word_1_138' title='bbox 1017 2200 1248 2286; x_wconf 88' lang='lat' dir='ltr'>infrequentia</span> 
     </span>
     <span class='ocr_line' id='line_1_18' title="bbox 190 2322 1248 2410; baseline 0.008 -22"><span class='ocrx_word' id='word_1_139' title='bbox 190 2331 223 2388; x_wconf 91' lang='lat' dir='ltr'>et</span> <span class='ocrx_word' id='word_1_140' title='bbox 245 2325 443 2393; x_wconf 89' lang='lat' dir='ltr'>abundantia</span> <span class='ocrx_word' id='word_1_141' title='bbox 466 2322 600 2405; x_wconf 87' lang='lat' dir='ltr'>offendo,</span> <span class='ocrx_word' id='word_1_142' title='bbox 620 2327 749 2409; x_wconf 88' lang='lat' dir='ltr'>qualem</span> <span class='ocrx_word' id='word_1_143' title='bbox 764 2324 852 2391; x_wconf 90' lang='lat' dir='ltr'>haud</span> <span class='ocrx_word' id='word_1_144' title='bbox 875 2326 941 2391; x_wconf 83' lang='lat' dir='ltr'>seio</span> <span class='ocrx_word' id='word_1_145' title='bbox 955 2347 996 2390; x_wconf 85' lang='lat' dir='ltr'>an</span> <span class='ocrx_word' id='word_1_146' title='bbox 1019 2325 1104 2410; x_wconf 90' lang='lat' dir='ltr'>apud</span> <span class='ocrx_word' id='word_1_147' title='bbox 1126 2329 1248 2395; x_wconf 89' lang='lat' dir='ltr'>nullum</span> 
     </span>
     <span class='ocr_line' id='line_1_19' title="bbox 163 2447 1245 2531; baseline 0.006 -17"><span class='ocrx_word' id='word_1_148' title='bbox 163 2450 288 2514; x_wconf 48' lang='lat' dir='ltr'>„alium</span> <span class='ocrx_word' id='word_1_149' title='bbox 311 2454 471 2516; x_wconf 88' lang='lat' dir='ltr'>oratorem</span> <span class='ocrx_word' id='word_1_150' title='bbox 498 2448 645 2515; x_wconf 86' lang='lat' dir='ltr'>invenias.</span> <span class='ocrx_word' id='word_1_151' title='bbox 690 2449 794 2531; x_wconf 81' lang='lat' dir='ltr'>Legae</span> <span class='ocrx_word' id='word_1_152' title='bbox 818 2447 914 2513; x_wconf 89' lang='lat' dir='ltr'>modo</span> <span class='ocrx_word' id='word_1_153' title='bbox 938 2450 1098 2517; x_wconf 85' lang='lat' dir='ltr'>orationes</span> <span class='ocrx_word' id='word_1_154' title='bbox 1127 2450 1245 2520; x_wconf 91' lang='lat' dir='ltr'>Demo·</span> 
     </span>
     <span class='ocr_line' id='line_1_20' title="bbox 190 2571 1247 2669; baseline 0.008 -31"><span class='ocrx_word' id='word_1_155' title='bbox 190 2574 327 2641; x_wconf 85' lang='lat' dir='ltr'>sthenisl</span> <span class='ocrx_word' id='word_1_156' title='bbox 372 2574 421 2639; x_wconf 85' lang='lat' dir='ltr'>Ex</span> <span class='ocrx_word' id='word_1_157' title='bbox 446 2573 561 2669; x_wconf 67' lang='lat' dir='ltr'>quilius</span> <span class='ocrx_word' id='word_1_158' title='bbox 585 2594 652 2650; x_wconf 89' lang='lat' dir='ltr'>eae,</span> <span class='ocrx_word' id='word_1_159' title='bbox 675 2593 757 2658; x_wconf 87' lang='lat' dir='ltr'>quae</span> <span class='ocrx_word' id='word_1_160' title='bbox 781 2574 865 2638; x_wconf 85' lang='lat' dir='ltr'>sicut</span> <span class='ocrx_word' id='word_1_161' title='bbox 887 2571 966 2638; x_wconf 88' lang='lat' dir='ltr'>haec</span> <span class='ocrx_word' id='word_1_162' title='bbox 987 2574 1057 2657; x_wconf 88' lang='lat' dir='ltr'>ipsa</span> <span class='ocrx_word' id='word_1_163' title='bbox 1085 2579 1187 2644; x_wconf 88' lang='lat' dir='ltr'>oratio</span> <span class='ocrx_word' id='word_1_164' title='bbox 1214 2580 1247 2646; x_wconf 91' lang='lat' dir='ltr'>in</span> 
     </span>
     <span class='ocr_line' id='line_1_21' title="bbox 162 2696 1248 2781; baseline 0.003 -17"><span class='ocrx_word' id='word_1_165' title='bbox 162 2700 293 2764; x_wconf 85' lang='lat' dir='ltr'>‘causis</span> <span class='ocrx_word' id='word_1_166' title='bbox 326 2698 459 2781; x_wconf 82' lang='lat' dir='ltr'>privatis</span> <span class='ocrx_word' id='word_1_167' title='bbox 496 2696 626 2763; x_wconf 86' lang='lat' dir='ltr'>habitae</span> <span class='ocrx_word' id='word_1_168' title='bbox 662 2703 750 2776; x_wconf 86' lang='lat' dir='ltr'>sunt,</span> <span class='ocrx_word' id='word_1_169' title='bbox 788 2696 856 2762; x_wconf 88' lang='lat' dir='ltr'>fere</span> <span class='ocrx_word' id='word_1_170' title='bbox 889 2697 1016 2763; x_wconf 90' lang='lat' dir='ltr'>omniuo</span> <span class='ocrx_word' id='word_1_171' title='bbox 1049 2701 1248 2780; x_wconf 82' lang='lat' dir='ltr'>gravioribus</span> 
     </span>
     <span class='ocr_line' id='line_1_22' title="bbox 191 2822 1249 2907; baseline 0.002 -18"><span class='ocrx_word' id='word_1_172' title='bbox 191 2822 451 2890; x_wconf 84' lang='lat' dir='ltr'>translationibus</span> <span class='ocrx_word' id='word_1_173' title='bbox 482 2823 703 2906; x_wconf 83' lang='lat' dir='ltr'>allegoriisque</span> <span class='ocrx_word' id='word_1_174' title='bbox 732 2828 851 2888; x_wconf 84' lang='lat' dir='ltr'>carent.</span> <span class='ocrx_word' id='word_1_175' title='bbox 907 2823 956 2888; x_wconf 90' lang='lat' dir='ltr'>Ne</span> <span class='ocrx_word' id='word_1_176' title='bbox 984 2824 1016 2888; x_wconf 91' lang='lat' dir='ltr'>in</span> <span class='ocrx_word' id='word_1_177' title='bbox 1043 2824 1083 2888; x_wconf 84' lang='lat' dir='ltr'>iis</span> <span class='ocrx_word' id='word_1_178' title='bbox 1111 2825 1249 2907; x_wconf 87' lang='lat' dir='ltr'>quidem,</span> 
     </span>
     <span class='ocr_line' id='line_1_23' title="bbox 192 2946 1250 3032; baseline 0.004 -21"><span class='ocrx_word' id='word_1_179' title='bbox 192 2947 306 3030; x_wconf 89' lang='lat' dir='ltr'>quibus</span> <span class='ocrx_word' id='word_1_180' title='bbox 330 2967 450 3011; x_wconf 85' lang='lat' dir='ltr'>summa</span> <span class='ocrx_word' id='word_1_181' title='bbox 478 2948 591 3012; x_wconf 84' lang='lat' dir='ltr'>virium</span> <span class='ocrx_word' id='word_1_182' title='bbox 624 2947 830 3012; x_wconf 85' lang='lat' dir='ltr'>contentione</span> <span class='ocrx_word' id='word_1_183' title='bbox 864 2946 914 3012; x_wconf 88' lang='lat' dir='ltr'>vel</span> <span class='ocrx_word' id='word_1_184' title='bbox 948 2947 1032 3012; x_wconf 81' lang='lat' dir='ltr'>cives</span> <span class='ocrx_word' id='word_1_185' title='bbox 1065 2949 1152 3032; x_wconf 86' lang='lat' dir='ltr'>turpi</span> <span class='ocrx_word' id='word_1_186' title='bbox 1185 2951 1250 3016; x_wconf 91' lang='lat' dir='ltr'>otio</span> 
     </span>
     <span class='ocr_line' id='line_1_24' title="bbox 193 3069 1250 3154; baseline 0.001 -18"><span class='ocrx_word' id='word_1_187' title='bbox 193 3072 377 3154; x_wconf 87' lang='lat' dir='ltr'>consopitos</span> <span class='ocrx_word' id='word_1_188' title='bbox 399 3071 543 3135; x_wconf 82' lang='lat' dir='ltr'>incitavit</span> <span class='ocrx_word' id='word_1_189' title='bbox 566 3070 617 3135; x_wconf 88' lang='lat' dir='ltr'>vel</span> <span class='ocrx_word' id='word_1_190' title='bbox 640 3069 813 3134; x_wconf 84' lang='lat' dir='ltr'>calumnias</span> <span class='ocrx_word' id='word_1_191' title='bbox 832 3069 999 3135; x_wconf 80' lang='lat' dir='ltr'>Aeschinis</span> <span class='ocrx_word' id='word_1_192' title='bbox 1014 3071 1176 3150; x_wconf 84' lang='lat' dir='ltr'>refutavit,</span> <span class='ocrx_word' id='word_1_193' title='bbox 1198 3073 1250 3137; x_wconf 91' lang='lat' dir='ltr'>iu·</span> 
     </span>
     <span class='ocr_line' id='line_1_25' title="bbox 194 3193 1250 3281; baseline 0.005 -22"><span class='ocrx_word' id='word_1_194' title='bbox 194 3202 279 3261; x_wconf 89' lang='lat' dir='ltr'>stum</span> <span class='ocrx_word' id='word_1_195' title='bbox 293 3194 424 3260; x_wconf 90' lang='lat' dir='ltr'>modum</span> <span class='ocrx_word' id='word_1_196' title='bbox 438 3215 578 3279; x_wconf 88' lang='lat' dir='ltr'>unquam</span> <span class='ocrx_word' id='word_1_197' title='bbox 599 3200 815 3278; x_wconf 83' lang='lat' dir='ltr'>transgressus</span> <span class='ocrx_word' id='word_1_198' title='bbox 830 3199 887 3257; x_wconf 91' lang='lat' dir='ltr'>est.</span> <span class='ocrx_word' id='word_1_199' title='bbox 909 3193 1003 3272; x_wconf 88' lang='lat' dir='ltr'>Nam,</span> <span class='ocrx_word' id='word_1_200' title='bbox 1021 3201 1058 3259; x_wconf 93' lang='lat' dir='ltr'>ut</span> <span class='ocrx_word' id='word_1_201' title='bbox 1073 3199 1250 3281; x_wconf 86' lang='lat' dir='ltr'>exemplum</span> 
     </span>
     <span class='ocr_line' id='line_1_26' title="bbox 193 3316 1249 3410; baseline 0.004 -26"><span class='ocrx_word' id='word_1_202' title='bbox 193 3320 363 3404; x_wconf 85' lang='lat' dir='ltr'>proferam,</span> <span class='ocrx_word' id='word_1_203' title='bbox 388 3322 420 3384; x_wconf 91' lang='lat' dir='ltr'>in</span> <span class='ocrx_word' id='word_1_204' title='bbox 446 3325 516 3386; x_wconf 89' lang='lat' dir='ltr'>tota</span> <span class='ocrx_word' id='word_1_205' title='bbox 544 3320 690 3385; x_wconf 90' lang='lat' dir='ltr'>oratione</span> <span class='ocrx_word' id='word_1_206' title='bbox 713 3318 753 3384; x_wconf 92' lang='lat' dir='ltr'>de</span> <span class='ocrx_word' id='word_1_207' title='bbox 777 3338 893 3384; x_wconf 91' lang='lat' dir='ltr'>corona</span> <span class='ocrx_word' id='word_1_208' title='bbox 914 3316 1025 3387; x_wconf 90' lang='lat' dir='ltr'>habita</span> <span class='ocrx_word' id='word_1_209' title='bbox 1045 3320 1249 3410; x_wconf 80' lang='lat' dir='ltr'>undecim**)</span> 
     </span>
    </p>
   </div>
   <div class='ocr_carea' id='block_1_4' title="bbox 195 3490 1252 4097">
    <p class='ocr_par' dir='ltr' id='par_1_4' title="bbox 195 3490 1252 4012">
     <span class='ocr_line' id='line_1_27' title="bbox 266 3490 1248 3566; baseline 0.004 -17"><span class='ocrx_word' id='word_1_210' title='bbox 266 3499 293 3561; x_wconf 79' lang='lat'>⁸)</span> <span class='ocrx_word' id='word_1_211' title='bbox 311 3498 417 3550; x_wconf 84' lang='lat' dir='ltr'>Praeter</span> <span class='ocrx_word' id='word_1_212' title='bbox 434 3501 498 3552; x_wconf 84' lang='lat' dir='ltr'>haee</span> <span class='ocrx_word' id='word_1_213' title='bbox 517 3499 633 3566; x_wconf 86' lang='lat' dir='ltr'>exempla</span> <span class='ocrx_word' id='word_1_214' title='bbox 651 3497 766 3549; x_wconf 83' lang='lat' dir='ltr'>conferas</span> <span class='ocrx_word' id='word_1_215' title='bbox 784 3497 829 3565; x_wconf 62' lang='lat' dir='ltr'>gg.</span> <span class='ocrx_word' id='word_1_216' title='bbox 849 3497 892 3549; x_wconf 85' lang='lat'>21.</span> <span class='ocrx_word' id='word_1_217' title='bbox 915 3497 957 3548; x_wconf 72' lang='lat' dir='ltr'>clei</span> <span class='ocrx_word' id='word_1_218' title='bbox 974 3492 1075 3551; x_wconf 79' lang='grc' dir='ltr'><strong><em>πάντας</em></strong></span> <span class='ocrx_word' id='word_1_219' title='bbox 1092 3526 1119 3534; x_wconf 92' lang='grc'><strong>-</strong></span> <span class='ocrx_word' id='word_1_220' title='bbox 1142 3490 1170 3552; x_wconf 77' lang='lat' dir='ltr'>ui</span> <span class='ocrx_word' id='word_1_221' title='bbox 1188 3499 1248 3553; x_wconf 67' lang='grc' dir='ltr'><strong><em>καθ’</em></strong></span> 
     </span>
     <span class='ocr_line' id='line_1_28' title="bbox 195 3584 1249 3656; baseline 0 -16"><span class='ocrx_word' id='word_1_222' title='bbox 195 3586 287 3641; x_wconf 77' lang='grc' dir='ltr'><strong><em>αὐτόν·</em></strong></span> <span class='ocrx_word' id='word_1_223' title='bbox 307 3585 398 3642; x_wconf 63' lang='lat'>28:35</span> <span class='ocrx_word' id='word_1_224' title='bbox 412 3590 577 3654; x_wconf 77' lang='grc' dir='ltr'>κεκλειμένης</span> <span class='ocrx_word' id='word_1_225' title='bbox 594 3619 627 3626; x_wconf 84' lang='grc'><strong>-</strong></span> <span class='ocrx_word' id='word_1_226' title='bbox 647 3590 673 3640; x_wconf 75' lang='grc' dir='ltr'>οἱ</span> <span class='ocrx_word' id='word_1_227' title='bbox 691 3585 772 3656; x_wconf 79' lang='grc' dir='ltr'><strong><em>νόμον</em></strong></span> <span class='ocrx_word' id='word_1_228' title='bbox 790 3591 865 3653; x_wconf 82' lang='lat' dir='ltr'>atquc</span> <span class='ocrx_word' id='word_1_229' title='bbox 884 3585 945 3637; x_wconf 88' lang='lat' dir='ltr'>ibid.</span> <span class='ocrx_word' id='word_1_230' title='bbox 966 3584 1249 3656; x_wconf 77' lang='grc' dir='ltr'><strong><em>ἀπεσχοινισμένος-</em></strong></span> 
     </span>
     <span class='ocr_line' id='line_1_29' title="bbox 197 3669 1248 3752; baseline 0.002 -26"><span class='ocrx_word' id='word_1_231' title='bbox 197 3673 320 3752; x_wconf 67' lang='grc' dir='ltr'><strong><em>δίασπᾷς’</em></strong></span> <span class='ocrx_word' id='word_1_232' title='bbox 340 3678 383 3729; x_wconf 91' lang='grc'><strong>40.</strong></span> <span class='ocrx_word' id='word_1_233' title='bbox 402 3680 459 3731; x_wconf 77' lang='lat' dir='ltr'>clos</span> <span class='ocrx_word' id='word_1_234' title='bbox 475 3675 523 3733; x_wconf 69' lang='grc' dir='ltr'>οὓς</span> <span class='ocrx_word' id='word_1_235' title='bbox 538 3676 590 3745; x_wconf 77' lang='grc' dir='ltr'>μὶν</span> <span class='ocrx_word' id='word_1_236' title='bbox 605 3704 634 3714; x_wconf 88' lang='lat'>-—</span> <span class='ocrx_word' id='word_1_237' title='bbox 646 3679 807 3729; x_wconf 61' lang='lat' dir='ltr'>autenticae·</span> <span class='ocrx_word' id='word_1_238' title='bbox 825 3680 849 3726; x_wconf 86' lang='lat' dir='ltr'>et</span> <span class='ocrx_word' id='word_1_239' title='bbox 865 3674 951 3740; x_wconf 85' lang='lat' dir='ltr'>paullo</span> <span class='ocrx_word' id='word_1_240' title='bbox 969 3677 1037 3739; x_wconf 81' lang='lat' dir='ltr'>post:</span> <span class='ocrx_word' id='word_1_241' title='bbox 1060 3671 1128 3726; x_wconf 73' lang='grc' dir='ltr'>ἀλλὰ</span> <span class='ocrx_word' id='word_1_242' title='bbox 1146 3669 1225 3746; x_wconf 63' lang='lat' dir='ltr'>prir-</span> <span class='ocrx_word' id='word_1_243' title='bbox 1244 3708 1248 3714; x_wconf 40' lang='grc' dir='ltr'><strong><em>ι</em></strong></span> 
     </span>
     <span class='ocr_line' id='line_1_30' title="bbox 197 3756 1250 3833; baseline 0.003 -18"><span class='ocrx_word' id='word_1_244' title='bbox 197 3756 428 3832; x_wconf 75' lang='grc' dir='ltr'>κατακοπτόμενος.</span> <span class='ocrx_word' id='word_1_245' title='bbox 452 3766 494 3819; x_wconf 87' lang='grc'><strong>46.</strong></span> <span class='ocrx_word' id='word_1_246' title='bbox 523 3767 565 3819; x_wconf 78' lang='lat' dir='ltr'>le.</span> <span class='ocrx_word' id='word_1_247' title='bbox 585 3760 653 3829; x_wconf 72' lang='grc' dir='ltr'>πλὴν</span> <span class='ocrx_word' id='word_1_248' title='bbox 677 3768 702 3818; x_wconf 83' lang='grc' dir='ltr'>εἶ</span> <span class='ocrx_word' id='word_1_249' title='bbox 720 3784 744 3818; x_wconf 88' lang='grc' dir='ltr'>κ.</span> <span class='ocrx_word' id='word_1_250' title='bbox 769 3784 788 3818; x_wconf 78' lang='grc' dir='ltr'>ι.</span> <span class='ocrx_word' id='word_1_251' title='bbox 812 3767 836 3820; x_wconf 79' lang='grc' dir='ltr'>ί.</span> <span class='ocrx_word' id='word_1_252' title='bbox 860 3764 894 3816; x_wconf 86' lang='lat' dir='ltr'>ib.</span> <span class='ocrx_word' id='word_1_253' title='bbox 921 3762 984 3816; x_wconf 67' lang='grc' dir='ltr'>οὐδὲ</span> <span class='ocrx_word' id='word_1_254' title='bbox 1007 3759 1062 3833; x_wconf 76' lang='grc' dir='ltr'>γάρ</span> <span class='ocrx_word' id='word_1_255' title='bbox 1081 3780 1105 3816; x_wconf 87' lang='grc' dir='ltr'>κ.</span> <span class='ocrx_word' id='word_1_256' title='bbox 1125 3782 1144 3817; x_wconf 83' lang='grc' dir='ltr'><strong>τ.</strong></span> <span class='ocrx_word' id='word_1_257' title='bbox 1164 3766 1187 3820; x_wconf 82' lang='grc' dir='ltr'><strong>λ.</strong></span> <span class='ocrx_word' id='word_1_258' title='bbox 1208 3767 1250 3818; x_wconf 79' lang='grc'><strong>52.</strong></span> 
     </span>
     <span class='ocr_line' id='line_1_31' title="bbox 196 3845 1252 3924; baseline 0.001 -20"><span class='ocrx_word' id='word_1_259' title='bbox 196 3854 258 3922; x_wconf 70' lang='grc' dir='ltr'><strong><em>μεθ’</em></strong></span> <span class='ocrx_word' id='word_1_260' title='bbox 277 3845 316 3905; x_wconf 80' lang='grc' dir='ltr'>ὦν</span> <span class='ocrx_word' id='word_1_261' title='bbox 334 3856 361 3906; x_wconf 76' lang='lat' dir='ltr'>ol</span> <span class='ocrx_word' id='word_1_262' title='bbox 379 3850 517 3924; x_wconf 78' lang='grc' dir='ltr'><strong><em>ζώγραροι</em></strong></span> <span class='ocrx_word' id='word_1_263' title='bbox 535 3872 558 3906; x_wconf 85' lang='grc' dir='ltr'>κ.</span> <span class='ocrx_word' id='word_1_264' title='bbox 578 3873 598 3906; x_wconf 83' lang='grc' dir='ltr'>ι.</span> <span class='ocrx_word' id='word_1_265' title='bbox 619 3855 641 3905; x_wconf 84' lang='lat' dir='ltr'>l.</span> <span class='ocrx_word' id='word_1_266' title='bbox 668 3854 710 3904; x_wconf 77' lang='lat'>70.</span> <span class='ocrx_word' id='word_1_267' title='bbox 734 3854 783 3905; x_wconf 78' lang='grc' dir='ltr'><strong><em>εἶσὶ</em></strong></span> <span class='ocrx_word' id='word_1_268' title='bbox 805 3882 834 3890; x_wconf 86' lang='grc'>-</span> <span class='ocrx_word' id='word_1_269' title='bbox 859 3854 976 3917; x_wconf 75' lang='grc' dir='ltr'>κειμένη.</span> <span class='ocrx_word' id='word_1_270' title='bbox 996 3855 1038 3904; x_wconf 79' lang='grc'><strong>75.</strong></span> <span class='ocrx_word' id='word_1_271' title='bbox 1058 3852 1099 3903; x_wconf 77' lang='grc'>’18</span> <span class='ocrx_word' id='word_1_272' title='bbox 1118 3850 1198 3923; x_wconf 72' lang='grc' dir='ltr'><strong><em>τούτῳ</em></strong></span> <span class='ocrx_word' id='word_1_273' title='bbox 1219 3885 1252 3893; x_wconf 83' lang='lat'>—-</span> 
     </span>
     <span class='ocr_line' id='line_1_32' title="bbox 197 3931 1242 4012; baseline 0.003 -20"><span class='ocrx_word' id='word_1_274' title='bbox 197 3937 334 4012; x_wconf 73' lang='grc' dir='ltr'><strong><em>βάραθρα.</em></strong></span> <span class='ocrx_word' id='word_1_275' title='bbox 355 3944 396 3995; x_wconf 87' lang='grc'><strong>90.</strong></span> <span class='ocrx_word' id='word_1_276' title='bbox 417 3944 458 3996; x_wconf 81' lang='grc'><strong>95.</strong></span> <span class='ocrx_word' id='word_1_277' title='bbox 479 3943 521 3995; x_wconf 81' lang='grc' dir='ltr'>δεῖ</span> <span class='ocrx_word' id='word_1_278' title='bbox 539 3936 571 4004; x_wconf 70' lang='grc' dir='ltr'>δὴ</span> <span class='ocrx_word' id='word_1_279' title='bbox 591 3939 692 3994; x_wconf 81' lang='grc' dir='ltr'><strong><em>πάντας</em></strong></span> <span class='ocrx_word' id='word_1_280' title='bbox 706 3959 730 3993; x_wconf 92' lang='grc' dir='ltr'>κ.</span> <span class='ocrx_word' id='word_1_281' title='bbox 749 3960 770 3995; x_wconf 89' lang='grc' dir='ltr'><strong>τ.</strong></span> <span class='ocrx_word' id='word_1_282' title='bbox 790 3943 813 3992; x_wconf 84' lang='lat' dir='ltr'>l.</span> <span class='ocrx_word' id='word_1_283' title='bbox 834 3943 875 3993; x_wconf 87' lang='grc'><strong>96.</strong></span> <span class='ocrx_word' id='word_1_284' title='bbox 896 3943 937 3994; x_wconf 82' lang='lat'>9¹1.</span> <span class='ocrx_word' id='word_1_285' title='bbox 957 3942 984 4003; x_wconf 67' lang='grc' dir='ltr'>ἐξ</span> <span class='ocrx_word' id='word_1_286' title='bbox 1000 3931 1040 3994; x_wconf 74' lang='grc' dir='ltr'>ὧν</span> <span class='ocrx_word' id='word_1_287' title='bbox 1061 3970 1091 3980; x_wconf 90' lang='lat'>·-·</span> <span class='ocrx_word' id='word_1_288' title='bbox 1114 3943 1242 4011; x_wconf 73' lang='grc' dir='ltr'><strong><em>ἐγένοντο.</em></strong></span> 
     </span>
    </p>

    <p class='ocr_par' dir='ltr' id='par_1_5' title="bbox 270 4029 1228 4097">
     <span class='ocr_line' id='line_1_33' title="bbox 270 4029 1228 4097; baseline 0.002 -15"><span class='ocrx_word' id='word_1_289' title='bbox 270 4031 307 4093; x_wconf 74' lang='grc'>”)</span> <span class='ocrx_word' id='word_1_290' title='bbox 328 4031 371 4097; x_wconf 54' lang='grc' dir='ltr'>ἓξ.</span> <span class='ocrx_word' id='word_1_291' title='bbox 392 4033 432 4083; x_wconf 79' lang='grc'><strong>50.</strong></span> <span class='ocrx_word' id='word_1_292' title='bbox 455 4033 512 4083; x_wconf 80' lang='grc'><strong>159.</strong></span> <span class='ocrx_word' id='word_1_293' title='bbox 535 4031 591 4083; x_wconf 81' lang='grc'><strong>194.</strong></span> <span class='ocrx_word' id='word_1_294' title='bbox 614 4029 671 4080; x_wconf 91' lang='grc'><strong>198.</strong></span> <span class='ocrx_word' id='word_1_295' title='bbox 691 4029 750 4079; x_wconf 81' lang='grc'><strong>231.</strong></span> <span class='ocrx_word' id='word_1_296' title='bbox 770 4029 829 4081; x_wconf 82' lang='grc'><strong>243.</strong></span> <span class='ocrx_word' id='word_1_297' title='bbox 849 4030 909 4082; x_wconf 78' lang='grc'><strong>247.</strong></span> <span class='ocrx_word' id='word_1_298' title='bbox 929 4031 988 4082; x_wconf 81' lang='grc'><strong>277.</strong></span> <span class='ocrx_word' id='word_1_299' title='bbox 1009 4031 1068 4081; x_wconf 81' lang='grc'><strong>281.</strong></span> <span class='ocrx_word' id='word_1_300' title='bbox 1090 4031 1148 4084; x_wconf 84' lang='grc'><strong>298.</strong></span> <span class='ocrx_word' id='word_1_301' title='bbox 1169 4033 1228 4084; x_wconf 86' lang='grc'><strong>320.</strong></span> 
     </span>
    </p>
   </div>
   <div class='ocr_carea' id='block_1_5' title="bbox 0 0 1420 4550">
    <p class='ocr_par' dir='ltr' id='par_1_6' title="bbox 0 0 1420 4550">
     <span class='ocr_line' id='line_1_34' title="bbox 0 0 1420 4550; baseline 0 0"><span class='ocrx_word' id='word_1_302' title='bbox 0 0 1420 4550; x_wconf 95' lang='lat' dir='ltr'> </span> 
     </span>
    </p>
   </div>
   <div class='ocr_carea' id='block_1_6' title="bbox 1398 3144 1406 4025">
    <p class='ocr_par' dir='ltr' id='par_1_7' title="bbox 1398 3144 1406 4025">
     <span class='ocr_line' id='line_1_35' title="bbox 1398 3144 1406 4025; baseline 0 0"><span class='ocrx_word' id='word_1_303' title='bbox 1398 3144 1406 4025; x_wconf 95' lang='lat' dir='ltr'> </span> 
     </span>
    </p>
   </div>
  </div>
 </body>
</html>
