2768 4520
298 17 302 24 q
613 8 620 18 0

273 48 315 63 σοι
349 42 356 56 0
459 41 467 55 ⁸
524 36 532 51 ⁸
574 35 659 66 ·‘'

307 63 369 94 ,ν’
464 68 596 86 ..σοι
650 65 659 79 ο

292 93 376 124 011·
470 96 659 120 ..ιιφ,ο

178 92 199 155 2
308 128 370 157 σοι.
443 136 451 150 ⁰
527 114 634 144 ⁰⁹⁸⁹·

532 248 537 260 e

529 280 536 296 t

180 266 542 388 teripoiielilt'iste'st)
555 268 794 370 'iliam'etiam
817 304 869 369 vix
891 325 908 369 e
929 302 1094 369 rhetorum
1110 302 1238 380 scholis,

180 445 263 510 quae
292 428 463 494 multorum
497 428 657 494 sententia
680 434 739 506 est,
747 426 802 507 **)
827 428 981 512 originem
1009 428 1159 505 traxisse,
1183 425 1239 492 sed

180 570 294 633 reapse
316 551 349 616 in
371 550 490 640 iudicio
512 573 533 618 a
556 551 678 618 duobus
700 551 922 618 Demosthenis
944 550 1129 635 aequalibus
1148 550 1240 617 habi-

180 679 232 740 tas
267 693 337 741 esse
366 676 416 741 vel
444 682 532 741 certe
559 676 670 741 haberi
697 675 840 774 potuisse
881 675 960 741 satis
986 674 1119 759 probari
1146 694 1241 757 posse

183 797 330 868 arbitror.

600 1010 672 1082 Oa
707 1013 763 1082 ut
789 1012 823 1080 1.

196 1134 250 1203 De
272 1134 464 1220 utriusque
486 1029 854 1205 orationisldlotlone
877 1137 916 1206 et
938 1108 1219 1221 oomposlttone.

270 1294 373 1361 Notus
395 1299 446 1361 est
473 1293 529 1361 ille
556 1294 648 1361 loeus
676 1296 820 1380 Dionysii
849 1276 1151 1375 halicarnassensis,
1178 1316 1241 1379 qno

182 1419 414 1486 Demosthenes
442 1439 516 1484 eum
544 1418 661 1486 Proteo
695 1426 900 1504 eomparatur
929 1418 1017 1505 (περὶ
1044 1442 1069 1486 τ.
1089 1423 1242 1510 repere·
1363 1502 1364 1507 ἵ

183 1541 294 1613 teoto.
328 1565 360 1629 p.
395 1541 486 1630 974.)
528 1540 618 1608 Siout
659 1543 744 1609 enim
775 1544 831 1610 ille
859 1545 994 1611 formam
1027 1564 1117 1611 suam
1149 1542 1243 1607 facile

181 1674 309 1736 mutare
330 1668 497 1751 potuisset,
518 1668 566 1733 ita
578 1666 674 1733 etiam
691 1667 938 1736 Demosthenem
957 1669 1052 1736 variis
1069 1667 1243 1734 identidem
1364 1722 1365 1745 ,

182 1791 292 1857 formis
322 1790 468 1856 indutum
507 1789 602 1856 modo
638 1789 700 1856 hac
726 1766 840 1857 ¹modo
872 1792 927 1857 illa
958 1791 1086 1858 dicendi
1117 1790 1242 1857 ratione
1364 1774 1365 1823 l

183 1936 274 1981 usum
306 1913 414 1980 suisa
479 1913 521 1987 cf.
551 1913 589 1979 Α.
618 1911 770 1981 ecnaeer
793 1915 813 1981 1.
836 1915 857 1981 1.
887 1921 962 1980 tom.
991 1914 1061 1999 11).
1084 1916 1149 1982 312
1173 1936 1243 2001 eqo,

183 2040 271 2119 Quae
301 2038 474 2105 similitudo
509 2059 707 2123 quamquam
736 2044 812 2130 apte
841 2045 875 2104 et
903 2043 998 2106 acute
1026 2040 1156 2107 inventa
1183 2045 1243 2116 est,
1365 2096 1366 2101 ,

182 2173 290 2232 tamen
313 2162 488 2231 cavendum
511 2184 580 2255 esse
603 2184 727 2241 censeo,
757 2184 799 2227 ne
820 2185 858 2230 ea
881 2185 1017 2250 quoque,
1040 2185 1123 2251 quae
1149 2163 1244 2248 plane

182 2309 203 2354 a
224 2286 452 2354 Demosthenis
474 2291 545 2353 arte
569 2294 602 2353 et
623 2288 749 2372 ingenio
778 2287 965 2368 abhorrent,
996 2289 1026 2355 ei
1053 2288 1243 2356 tribuantur.

183 2414 226 2479 Et
247 2411 398 2478 abhorret
422 2410 463 2479 ab
486 2432 524 2477 eo
545 2411 634 2496 prior
656 2435 696 2478 ex
717 2411 840 2478 duabus
863 2413 1077 2479 erationibus:
1099 2431 1165 2477 non
1179 2430 1243 2493 quo

183 2537 311 2602 omnino
333 2539 442 2600 careat
465 2534 495 2599 ri
518 2539 551 2599 et
572 2536 729 2618 gravitate
752 2536 985 2613 Demosthenis,
1008 2533 1066 2599 sed
1091 2533 1243 2616 simpliei-

183 2666 286 2726 tatem
308 2640 454 2724 desidero
476 2662 509 2721 et
531 2658 756 2740 sinceritatem,
779 2679 875 2741 quam
897 2657 960 2735 ille,
988 2624 1115 2722 etiamsi
1137 2657 1244 2722 varius

184 2788 237 2866 sit,
263 2801 387 2866 semper
410 2788 525 2847 servat.
576 2782 613 2848 In
645 2782 707 2848 hae
743 2782 826 2848 enim
860 2778 1124 2864 deprehendimus
1157 2780 1245 2849 haud

185 2927 260 2973 raro
282 2904 452 2971 verborum
473 2905 674 2971 insolentiam
696 2912 729 2968 et
739 2909 910 2967 tumorem:
933 2902 1124 2968 inillonihil
1144 2924 1243 2989 quae·

185 3032 281 3096 situm
293 3037 326 3096 et
336 3031 459 3113 longius
471 3027 750 3109 arcessitumnihil
763 3025 918 3093 eiusmodi
927 3028 1171 3115 invenias,quod
1181 3052 1247 3098 uon

185 3156 402 3239 unusquisque
424 3156 544 3221 laudet.
591 3154 650 3232 Qui
673 3153 827 3218 orationis
853 3154 979 3219 auctori
1003 3150 1134 3236 placent
1156 3156 1244 3222 iuve-

185 3281 280 3363 nique
303 3277 550 3362 perplacuerunt
572 3276 705 3341 Isocrati
728 3272 839 3360 ,λόγοι
862 3277 992 3343 πολλῶν
1013 3272 1076 3360 μὲν
1097 3275 1245 3368 ἐνθυμη-

185 3402 295 3489 μάτων
316 3405 475 3488 γέμοντες,
498 3401 558 3470 οὐκ
579 3398 696 3486 ὀλίγων
714 3401 939 3470 δ’ἀναθέσεων
965 3399 1018 3467 καὶ
1040 3399 1247 3487 παρισώσεων

256 3635 283 3702 *)
303 3635 406 3687 Constat
424 3636 489 3685 enim
507 3636 645 3686 orationum
666 3634 910 3689 Demosthenicarum
936 3648 1028 3701 corpus
1052 3632 1121 3699 quod
1138 3645 1183 3682 noe
1200 3631 1247 3682 he-

187 3726 273 3777 bemus
297 3724 328 3775 ad
364 3721 509 3773 Gallimaohi
532 3726 632 3777 niveam
654 3719 705 3776 mir
730 3719 875 3795 ῥητορικῶν
897 3722 1055 3775 referendum
1080 3734 1142 3772 esse.
1162 3716 1194 3770 ol.
1214 3719 1246 3769 Η.

188 3814 292 3879 Sauppii
311 3812 386 3876 epist.
402 3814 457 3865 erit.
476 3812 509 3871 ad
528 3812 590 3868 Ged.
610 3813 781 3867 Hermanuum
798 3829 823 3878 p.
842 3814 884 3866 49.

238 3898 280 3962 **)
300 3898 368 3950 luter
388 3914 449 3966 quos
469 3910 525 3953 sunt
544 3904 752 3961 ll'estormaunua
772 3901 932 3962 Schaefems,
952 3900 1002 3953 alii.
