2768 4520
132 4017 139 4031 ,

166 176 211 238 46

167 382 341 470 πράττουσι
360 383 478 455 cundo
501 384 670 469 μισθώσας
698 389 751 454 καὶ
773 384 916 462 εὐθύνας
939 384 1081 462 διδόντος
1104 385 1152 461 δὶς
1174 410 1229 452 m*

167 508 358 600 τηγόρησας.
381 546 423 560 -
444 510 497 578 καὶ
525 510 591 594 ἔχω
626 516 693 587 τοῖς
717 516 810 588 θεοῖς
840 511 894 578 καὶ
928 512 1025 579 πᾶσιν
1056 507 1134 594 ὑμῖν
1165 518 1231 585 τοῖς

164 629 291 701 σώσασί
310 657 352 717 με
373 631 499 724 πολλὴν
520 632 613 719 χάριν
635 641 655 718 5
678 637 733 702 37.
751 635 805 701 Its
824 656 888 719 quo
903 642 1042 720 apparet
1067 640 1229 700 oratorem

166 762 205 826 et
235 757 368 842 publicis
400 758 584 827 muneribus
617 759 763 826 functum
796 766 829 826 et
871 758 1093 826 aduersarium
1127 756 1230 821 fuisse

169 882 309 967 Philippi
330 883 415 967 regis
468 883 564 963 Quod
585 904 657 951 oum
679 887 797 970 optime
818 887 854 950 in
875 883 1123 951 Demosthenem
1143 905 1229 968 qus-

167 1009 287 1087 drsrst
300 1009 431 1076 fuerunt
446 1011 501 1093 qui
522 1009 593 1075 hoo-
605 1011 677 1095 ipso
700 1012 772 1077 loco
792 1010 939 1095 perducti
960 1010 1051 1079 illum
1071 1008 1229 1077 orationis

169 1139 335 1200 auctorem
355 1133 523 1219 fingerent
571 1136 706 1205 Accedit
722 1136 809 1220 quod
825 1135 1057 1203 Demosthenes
1070 1137 1138 1219 ipse
1153 1155 1231 1201 con·-

169 1260 278 1326 firmat
298 1280 370 1327 sese
397 1266 473 1345 post
497 1279 636 1344 pugnam
669 1258 925 1328 Chaeronensem
959 1260 1000 1327 ab
1038 1257 1230 1327 aduersariis

171 1382 289 1449 crebris
312 1382 495 1449 criminibus
518 1383 796 1468 delationibnsque
819 1388 967 1449 uexatum
983 1402 1062 1448 esee.
1086 1381 1124 1446 of.
1140 1380 1232 1447 Dem.

171 1508 211 1574 de
233 1528 296 1574 cor.
320 1513 361 1592 ξς
383 1509 458 1574 249.
480 1509 555 1575 250.
601 1508 721 1575 Tamen
744 1509 807 1575 hoc
827 1514 1048 1593 arguimentum
1067 1524 1130 1570 non
1146 1503 1228 1571 adeo

170 1651 265 1716 greve
287 1636 346 1711 est,
369 1636 405 1697 ut
433 1629 474 1697 de
506 1633 665 1698 sententia
693 1650 790 1716 qnam
814 1638 912 1698 antea
934 1632 1009 1697 tuiti
1037 1644 1146 1697 sumus
1170 1646 1231 1694 nos

171 1757 327 1824 deducere
348 1757 458 1840 possit.
504 1755 587 1823 Nam
614 1764 653 1822 ut
668 1760 828 1825 omittam
863 1757 1124 1834 Demosthenem,
1157 1772 1231 1820 curn

172 1881 372 1966 gravissimos
394 1886 596 1947 accusatores
618 1874 783 1959 Sosiclem,
811 1881 1032 1959 Philocratem,
1061 1880 1231 1959 Diondam,

172 2005 678 2075 Melantamiiloloconominatim
686 2005 1235 2085 afferretomniumsoelestissimnm

173 2130 425 2213 Aristogitonem
447 2151 580 2214 prorsus
603 2132 761 2209 omisisse,
788 2132 853 2196 iam
883 2132 962 2196 satis
991 2137 1128 2209 constat,
1157 2136 1237 2214 quot

173 2257 352 2341 quoiusque
372 2255 452 2321 alios
475 2256 562 2321 viros
581 2255 636 2322 iile
665 2255 847 2322 accusando
879 2257 1056 2324 insectatus
1089 2256 1139 2322 sit
1195 2254 1235 2320 In

174 2379 288 2464 quibus
309 2377 445 2460 primum
467 2381 557 2445 tenet
579 2377 682 2443 locum
698 2377 876 2462 Hyperides
896 2385 1014 2456 orator,
1031 2380 1087 2463 qui
1101 2384 1235 2463 propter

171 2476 374 2573 notissimum
396 2500 475 2567 illud
490 2501 651 2569 decretum
668 2508 743 2586 post
759 2502 883 2569 eisdem
898 2502 1151 2570 Chaeronensem
1162 2500 1231 2567 iec-

134 2655 136 2657 ’
173 2637 242 2695 tum
264 2626 306 2692 ab
328 2625 545 2707 Aristogitone
574 2625 682 2709 legum
707 2626 896 2697 violatarum
927 2632 1097 2693 accusatus
1132 2623 1233 2707 est.*)

174 2752 236 2831 Qui
272 2748 399 2833 quidem
432 2766 508 2813 num
547 2749 723 2817 orationem
761 2749 934 2833 scripserit,
969 2746 1237 2831 quemadmodum

168 2874 505 2957 ,Cobotussuspicstus
527 2878 585 2950 set,
607 2872 780 2943 diiudicare
803 2893 867 2938 non
889 2873 1013 2941 audeus
1035 2893 1234 2957 quamquam

176 3015 241 3076 non
255 3020 336 3082 nego
352 2998 505 3065 nonnulla
519 2997 553 3062 in
569 2996 738 3075 eaiuesse,
752 3014 833 3080 quae
849 3016 920 3062 oum
936 2995 1107 3081 Hyperidis
1128 2997 1236 3063 indole

168 3130 287 3209 ,aperte
312 3122 523 3189 consentiant.
578 3121 664 3189 dem»
683 3138 781 3202 supra
809 3119 877 3185 dixi
902 3118 983 3186 raris
1010 3121 1238 3204 inusitatisque

178 3249 283 3317 uerbis
310 3248 401 3313 illum
435 3245 629 3313 delectatum
662 3244 769 3323 fuisse,
803 3244 889 3328 quod
921 3244 1050 3329 quidem
1084 3244 1239 3310 orationis

177 3372 342 3456 proprium
373 3389 444 3437 esse
474 3370 766 3439 demonstravimus.
823 3369 906 3437 Tum
935 3391 1101 3453 compares
1134 3376 1238 3436 totam

177 3496 331 3569 orationis
354 3496 511 3565 rationem
535 3501 568 3561 et
590 3500 740 3563 naturam
763 3515 835 3560 cnm
856 3496 906 3572 iis,
928 3515 1012 3578 quae
1034 3493 1076 3560 ab
1098 3493 1237 3559 Hermo-

178 3640 259 3705 gene
279 3617 384 3685 iudice
407 3619 485 3687 satis
506 3623 602 3685 acuto
630 3619 663 3685 in
691 3617 853 3702 Hyperide
881 3617 1067 3685 laudantur:
1095 3620 1240 3702 μέγεθος

179 3742 216 3813 δὲ
239 3742 325 3830 αὐτῷ
348 3738 641 3828 dominicorum,
664 3739 801 3832 σκληρὰν
823 3739 862 3809 δὲ
884 3743 976 3809 corion
998 3740 1050 3809 καὶ
1073 3737 1111 3807 ori
1124 3758 1237 3824 sexoc-

248 4008 273 4075 *)
292 4009 325 4062 cf.
345 4008 414 4063 Soio.
435 4027 453 4063 s.
475 4026 495 4062 v.
511 4009 707 4080 'Aomoyeiucr
724 4009 749 4059 9.
