2768 4520
1165 195 1209 258 45

153 411 282 476 enlin
299 411 351 475 Ar.
367 414 389 493 g
404 409 456 475 93.
478 410 540 476 eoin
554 406 616 494 μὲν
629 403 733 476 ἄλλων
809 406 882 472 Diu.
905 406 938 471 in
953 409 1007 472 Ar.
1024 409 1045 489 θ
1061 404 1091 470 3.
1107 428 1209 494 πονη-

151 532 335 622 δνθροίπωυ
356 527 397 601 ἄν
417 557 464 608 τις
485 531 551 599 ’ίδοι
571 529 645 608 τοδς
672 529 735 616 μὲν
787 534 859 617 ρίαν
880 526 939 618 γὰρ
954 528 1137 618 ἀρχομένην
1150 525 1212 611 μὲν

152 659 331 743 βελτίστους
352 657 405 724 καί
426 651 653 742 μετριωτάτους
676 651 733 721 αδ·
786 655 926 720 κωλῦσαι
947 650 1016 734 τάχ’
1038 645 1078 719 ἄν
1096 675 1142 726 τις
1156 674 1210 717 κο·

151 781 189 872 τῇ
221 781 260 870 τῇ
294 777 391 866 φύσει
423 776 526 847 πάντα
564 779 735 855 ποιοῦντας
786 774 892 860 λάζων
921 777 1090 865 δυνηθείη,
1118 772 1209 859 ἐγκα-

154 884 326 979 &magd
353 905 410 984 δεῖ,
439 899 513 979 τούς
541 899 579 968 δὲ
606 904 734 989 χείρους
786 907 1032 989 ταγεγηρακυῖαν
1076 895 1114 965 δὲ
1157 898 1211 965 καί

153 1021 222 1108 μὲν
237 1021 365 1107 τούτων,
395 1023 457 1108 ἔξω
484 1022 522 1092 δὲ
549 1026 606 1093 τοῦ
634 1048 734 1114 πονη·
787 1026 983 1111 γαμουμένην
1015 1021 1079 1088 τῶν
1110 1021 1212 1088 side·

153 1144 229 1236 ροδς
261 1142 342 1232 ἄγαν
367 1150 547 1238 sinteinan
569 1149 613 1238 τηῖ
641 1144 734 1237 φόβην
788 1149 914 1230 σμένον
923 1145 1081 1232 τιμωριῶν
1095 1140 1211 1212 ἀδύνα-

147 1273 196 1360 τοί
218 1267 299 1359 πρὸς
321 1266 406 1356 ὑμᾶς
427 1271 480 1339 καί
500 1272 544 1360 spi
572 1279 637 1348 τοῖς
666 1272 734 1338 oic-
787 1291 843 1336 τον
864 1256 949 1347 εἶναι
969 1270 1124 1352 λέγουσιν.

154 1401 243 1480 χροίς
269 1394 323 1460 καὶ
351 1391 457 1477 λόγοις
495 1394 549 1461 καὶ
580 1393 736 1463 ὀνείδεσιν
800 1455 802 1458 ,
933 1444 936 1451 -

154 1515 261 1601 ἀλγείν
297 1514 559 1601 εὐλαβουμένους
597 1514 734 1604 ἐξαμαρ-

154 1636 271 1708 τάνειν·
316 1635 390 1716 τούς
428 1636 465 1706 δὲ
502 1638 735 1730 πονηροτάτους

154 1762 207 1830 καὶ
252 1763 434 1848 ἐξαγίστους
474 1760 737 1847 ὀνομαζομένους

154 1884 210 1961 τὰς
241 1883 410 1970 συμφορὰς
437 1890 651 1972 σωφρονίζειν
682 1885 734 1952 λε’·

155 2025 274 2091 νουσιν.

239 2151 314 2218 dam
327 2153 416 2223 ,satis
437 2153 535 2237 plane
559 2151 794 2220 demonstrasse
823 2153 901 2219 mihi
930 2154 1048 2234 videor,
1073 2157 1211 2241 inques
1342 2158 1344 2160 ’

155 2296 276 2342 errores
298 2276 357 2341 viri
378 2275 464 2341 docti
493 2297 566 2341 cum
589 2274 629 2342 de
667 2277 821 2343 emtionis
855 2278 919 2345 fide
954 2284 988 2345 et
1020 2280 1212 2347 auctoritate

154 2397 339 2465 dubitarent
369 2399 557 2466 inciderent.
602 2400 694 2480 Quod
717 2401 744 2467 si
767 2402 934 2482 concedes,
956 2403 1109 2493 Dinarchi
1137 2427 1211 2474 ora·

154 2526 240 2592 tione
262 2526 309 2593 ita
329 2526 438 2612 potius
453 2527 562 2605 uteris,
585 2530 622 2593 ut
643 2525 717 2592 inde
739 2533 929 2611 argumenta
952 2549 1071 2607 sumas,
1094 2529 1210 2614 quibus

154 2651 234 2716 haec
261 2650 332 2734 ipsa
355 2651 457 2716 oratio
477 2649 617 2734 genuina
639 2669 711 2734 esse
732 2649 894 2735 probetur.

264 2773 370 2858 Atque
406 2774 486 2841 haec
530 2774 658 2859 quidem
691 2773 856 2841 hactenus.
906 2773 1015 2842 Habes
1050 2798 1090 2844 ea
1128 2798 1212 2862 quae

154 2897 233 2963 mihi
255 2897 351 2981 digna
371 2898 440 2965 visa
461 2905 535 2966 sunt
556 2921 641 2984 quae
664 2899 705 2966 de
734 2901 841 2986 priore
864 2902 1006 2968 oratione
1028 2902 1212 2986 proferrem.

156 3022 382 3089 Demonstrare
395 3021 476 3087 enim
492 3021 658 3088 studebam
673 3043 775 3107 neque
791 3044 968 3090 sermonem
982 3045 1084 3119 neque
1105 3046 1156 3091 res
1170 3026 1212 3093 ab

155 3167 195 3213 ea
209 3151 317 3214 aetate
340 3168 405 3230 qua
419 3146 584 3232 Lycurgus
595 3147 803 3232 Aristogitoni
825 3149 915 3215 litem
937 3149 1075 3215 intendit
1096 3149 1211 3217 abber-

154 3291 234 3337 rere.
278 3237 370 3338 Unde
401 3292 473 3338 mea
501 3272 629 3356 quidem
667 3274 825 3340 sententia
859 3275 1007 3358 sequitur
1037 3275 1211 3341 orationem

154 3396 187 3459 in
210 3393 264 3459 illa
286 3384 356 3478 ipsa
378 3416 476 3461 causa
497 3417 517 3461 a
539 3398 676 3480 patrono
699 3397 838 3481 quodam
866 3396 1010 3464 habitam
1038 3419 1117 3465 esse.
1162 3398 1212 3466 De

155 3541 218 3605 quc
245 3518 373 3584 bomine
400 3518 543 3604 quamvis
570 3522 650 3587 nihil
678 3522 757 3588 certi
775 3522 873 3589 statui
901 3521 1011 3606 possit,
1038 3526 1145 3588 tamen
1178 3523 1212 3589 id

155 3643 241 3728 quod
264 3664 304 3710 ex
326 3644 473 3711 oratione
497 3666 609 3711 eruere
631 3646 708 3712 licet
730 3644 939 3730 disputationi
961 3665 1052 3712 meae
1074 3646 1200 3715 addam.

221 3769 259 3834 ln
281 3767 500 3835 enumerandis
523 3768 748 3853 Aristogitonis
771 3769 943 3836 sceleribus
963 3790 1001 3836 ea
1022 3790 1148 3857 quoque
1170 3771 1212 3838 ab

155 3898 283 3958 oratore
297 3898 592 3973 commemorantur,
614 3915 698 3978 quae
713 3894 767 3960 ille
789 3895 822 3960 in
841 3915 875 3960 se
890 3895 995 3979 ipsum
1010 3898 1210 3964 commiserit.

155 4013 266 4097 „iered
283 4016 397 4099 inquit,
413 4014 536 4102 γραφὰς
551 4016 693 4102 κέκρικάς
708 4043 760 4103 με,
782 4028 846 4095 τοῖς
861 4015 944 4107 ὑπὲρ
961 4021 1127 4088 Φιλίππου
1142 4018 1211 4090 τότε
