2768 4520
180 114 222 177 10

264 333 284 412 5
308 328 360 392 94.
381 331 630 413 κακολογεῖν,
656 333 858 402 maledicere.
882 336 920 401 of.
944 337 1026 422 Hyp.
1050 338 1086 404 ir.
1110 340 1161 406 30.

263 453 305 520 ib.
328 453 431 520 tribus
453 454 533 520 loeis
555 460 773 525 νουθετεῖν.
794 459 877 527 Piae.
892 460 1074 528 Psoi-Dem.
1089 482 1229 546 prooem.

174 580 228 646 46.
249 579 409 662 passivum
432 578 532 645 habet
553 580 653 647 Isoor.
676 582 733 658 XI,
756 584 786 647 3.

240 708 261 787 5
277 702 330 770 95.
352 701 563 791 ἐξορίζειν,
579 707 794 773 exterminare
803 708 842 773 of.
859 708 941 776 Plet.
958 732 1047 777 oonv.
1059 734 1090 796 p.
1105 712 1178 776 197.
1191 711 1230 778 D.

240 832 261 911 5
277 827 912 913 97.ovoeoyeioveve,adiuvareAesoh.
925 832 1229 918 Ctes57substan-

173 955 273 1020 tivum
289 948 477 1036 αονεργός
499 952 627 1036 saepius
650 953 737 1037 opud
759 953 848 1021 Dem.
871 958 1019 1035 ooounit,
1043 960 1232 1046 συνεργία

173 1077 260 1165 apud
282 1076 434 1143 Dinereh.
457 1076 483 1154 1,
506 1078 581 1143 111.
1077 1066 1081 1072 ’

258 1207 280 1287 5
306 1201 348 1267 98
401 1212 766 1288 φνανογναμονείν,
801 1207 923 1285 „oculis
946 1205 1112 1274 semesos
1134 1203 1230 1288 Apud

170 1326 396 1396 Demosthenis
418 1326 574 1410 aequales
603 1327 746 1395 invenire
774 1349 840 1396 non
862 1331 962 1414 potui.
1007 1347 1228 1418 φυσιογνω-

170 1449 335 1540 μονικός
356 1455 468 1517 autem
489 1450 604 1517 titulus
626 1452 692 1518 iam
720 1458 792 1533 enat
821 1455 927 1539 operis
953 1454 1158 1522 Antisthenis.
1188 1453 1228 1518 oi.

170 1577 287 1644 Athen.
309 1572 398 1654 XIV,
421 1574 497 1642 666.
521 1575 556 1643 F.
580 1574 674 1660 Diog.
697 1577 804 1643 Leert.
827 1577 882 1656 VI,
906 1579 957 1645 15.

257 1719 375 1804 5101.
432 1715 816 1808 κακοπραγμοσύνη,
839 1718 1037 1803 improbitas.
1081 1719 1227 1784 Nonio·
1367 1738 1368 1759 ν

168 1846 239 1912 veni
265 1844 327 1909 nisi
348 1840 434 1927 opud
456 1841 640 1926 Polybium3
663 1848 776 1908 eontra
799 1840 1092 1929 κακοπράγμων
1117 1844 1183 1908 ism
1206 1864 1227 1909 a

169 1970 250 2038 Xon.
262 1966 344 2035 Heli.
356 1966 395 2045 V,
408 1967 439 2046 2,
452 1966 495 2032 26
506 1966 648 2052 itemque
656 1968 697 2033 ab
709 1967 827 2054 Hyper.
842 1967 881 2035 ir.
901 1968 967 2034 275
978 1966 1155 2034 adhibitum
1169 1974 1226 2033 est.
1313 2060 1317 2065 ι
1367 2052 1368 2067 ¹

257 2128 299 2195 ib.
323 2125 537 2219 εὐφημεῖν,
567 2125 650 2192 bene
680 2127 816 2211 precari.
838 2127 919 2193 Xen.
942 2131 1063 2195 oonviv.
1092 2129 1149 2208 1v,
1171 2129 1225 2193 49.

169 2258 208 2325 of.
231 2254 377 2343 εὐφημία
399 2252 432 2318 in
454 2251 548 2318 huius
570 2251 724 2319 orationis
746 2257 768 2336 5
788 2252 832 2317 26
854 2259 888 2320 et
910 2254 994 2339 apud
1017 2254 1091 2320 Din.
1107 2253 1150 2334 11,
1173 2254 1224 2318 14.

257 2376 308 2444 Ao
330 2376 410 2443 haec
432 2376 585 2442 nonnulle
607 2375 707 2443 verbe
729 2376 895 2456 secedunt,
918 2398 1000 2463 quoe
1024 2378 1122 2445 semel
1136 2378 1224 2446 bisve
1365 2402 1366 2409 ¹

166 2545 223 2608 eut
243 2541 278 2605 in
292 2536 516 2605 Demosthenis
530 2536 731 2605 orationibus
745 2537 895 2622 leguntur
917 2545 975 2606 aut
987 2539 1022 2607 in
1041 2538 1225 2623 aequalium
1364 2542 1365 2549 ’

166 2665 215 2743 iis,
238 2682 322 2748 quoe
344 2660 444 2743 ipsius
466 2660 593 2726 nomine
605 2659 763 2738 feruntur,
806 2660 907 2727 velut:
929 2657 1097 2750 ρἀψφδείν
1117 2663 1154 2749 (5
1175 2663 1223 2749 2.)

166 2790 207 2857 of.
236 2809 280 2854 or.
305 2785 433 2862 14,12.
463 2779 575 2868 ίααμός
605 2786 641 2867 (5
670 2783 741 2871 24.)
772 2784 811 2849 cf.
843 2805 889 2849 or.
914 2785 944 2862 8,
973 2784 1016 2850 68
1046 2784 1164 2868 ἰταμῶς
1192 2789 1224 2849 et

165 2940 208 2987 or.
233 2913 286 2990 19,
308 2906 374 2979 283
397 2904 597 2996 ἰταμώτερον.
624 2911 807 2997 σοφίσματα
841 2908 878 2997 (5
904 2908 969 2993 18.)
1005 2908 1043 2973 of.
1066 2929 1112 2973 or.
1135 2909 1222 2988 35,2

165 3048 199 3111 0‘
221 3038 274 3106 2²·
295 3036 322 3102 Ρ
324 3032 478 3100 89991·
509 3053 559 3116 01)-
583 3033 623 3110 V›
641 3055 672 3118 o·
696 3034 793 3099 1490.
815 3054 860 3098 or.
876 3032 929 3111 55,
953 3034 1004 3098 31.
1033 3030 1224 3123 πονευνα
1361 3012 1362 3083 ῑ

165 3167 201 3251 (5
223 3161 290 3246 60.)
313 3157 353 3224 of.
376 3179 420 3224 or.
445 3157 497 3237 19,
521 3156 604 3249 257.
625 3159 797 3245 προπετῶς
818 3158 854 3244 (5
875 3159 945 3242 47.)
978 3157 1019 3225 oi.
1036 3179 1080 3222 or.
1103 3159 1157 3238 44,
1179 3159 1222 3224 29

165 3297 198 3361 εί
221 3288 275 3365 59,
298 3284 358 3360 38;
385 3278 525 3352 ἀπόνοια
547 3285 582 3368 (5
611 3283 663 3348 82.
693 3281 760 3370 33.)
783 3281 821 3348 cf.
845 3302 890 3348 or.
910 3283 964 3361 26,
984 3282 1042 3359 195
1066 3282 1118 3367 18,
1141 3283 1206 3350 249
1213 3306 1222 3359 ;

164 3412 332 3497 ἀχαριστία
354 3407 390 3492 (5
413 3405 483 3492 35.)
506 3405 544 3472 cf.
568 3428 613 3471 or.
637 3405 690 3485 18,
712 3406 788 3473 249.

251 3570 392 3638 leimo
413 3589 454 3635 ex
476 3569 521 3635 eis
544 3567 648 3635 verbis
680 3589 764 3654 quse
793 3588 889 3654 supro
920 3567 1015 3635 attuli
1043 3567 1084 3634 ab
1115 3568 1222 3634 Atti-

163 3700 219 3764 eis
254 3694 459 3779 scripiom'bus
493 3699 527 3761 et
557 3692 737 3760 oratoribus
764 3692 854 3759 dicte
877 3711 945 3757 esse
965 3691 1082 3757 vidisti.
1113 3693 1223 3758 Pouos

163 3820 334 3889 admodum
347 3837 410 3885 non
426 3818 631 3885 inveniuntur
646 3818 708 3884 nisi
723 3815 809 3902 opud
823 3816 1029 3902 posteriorem
1051 3814 1109 3880 sed
1122 3835 1223 3898 quoe·

165 3967 292 4031 cunque
316 3963 425 4010 eorum
447 3942 530 4008 ratio
553 3947 617 4020 est,
646 3941 680 4008 id
707 3961 747 4007 ex
777 3960 893 4024 magno
920 3938 1107 4019 dommine,
1134 3939 1223 4022 quod
