2768 4520
215 164 258 229 36

217 374 352 444 oratoris
375 374 470 445 verba
492 375 614 442 nullam
630 375 904 444 animadvertisse.
947 376 1038 442 Adde
1064 376 1272 462 quodetiam
1306 344 1311 349 Ι

216 503 369 570 orationis
382 506 496 569 auctor
507 522 581 568 cum
596 501 636 568 de
645 498 846 588 βουλεύσεως
857 502 984 569 actione
994 500 1170 568 identidem
1184 501 1273 569 dicat

216 648 257 693 ne
292 648 357 693 uno
390 602 520 711 quidem
547 626 619 692 loco
651 625 782 691 alterius
816 625 1012 691 mentionem
1044 623 1128 691 lecit
1183 624 1274 705 Quod

216 754 244 819 si
263 772 393 820 causam
415 749 598 835 quaerimus
626 769 690 832 qna
724 748 840 814 ductus
872 749 1009 815 alteram
1036 747 1201 816 'actionem
1232 747 1274 816 ab

215 878 319 944 altera
338 872 464 942 differre
483 873 647 958 Lycurgus
668 872 836 951 monuerit,
858 892 930 938 eam
952 870 1090 938 forsitan
1111 873 1146 939 in
1167 893 1206 940 οο
1220 872 1271 939 in·

216 1001 390 1082 veniamus,
412 995 500 1083 qnod
522 1002 632 1063 orator
653 1017 726 1062 cum
754 996 962 1081 Aristogitoni
988 996 1139 1065 minatam
1166 1005 1201 1065 et
1230 997 1273 1065 ab

216 1125 371 1192 Aristonis
393 1143 493 1189 causa
504 1120 643 1188 alenam
655 1117 855 1208 βουλεύσεως
877 1122 1112 1188 accusationem
1133 1120 1274 1188 obiceret

217 1250 355 1316 actionis
372 1248 618 1337 ψευδεγγροφῆς
634 1245 801 1325 rationem,
812 1250 977 1330 tamquam
991 1267 1077 1330 quae
1086 1245 1155 1313 sola
1166 1247 1274 1312 locum
1377 1222 1378 1265 ³

215 1377 333 1444 habere
354 1377 471 1461 posset,
500 1370 714 1455 explicaverit
758 1368 910 1437 Novimus
933 1370 1018 1437 enim
1047 1369 1273 1453 Aristogitonis
1377 1342 1378 1345 Ἴ

214 1522 332 1569 nomen
353 1503 484 1584 propter
503 1497 638 1563 multam
660 1493 822 1579 quandam
841 1495 873 1561 in
896 1495 1015 1562 aerarii
1038 1493 1112 1562 albo
1123 1500 1273 1561 notatum

214 1629 319 1695 fuisse.
364 1622 457 1705 Quod
479 1643 551 1688 cum
573 1620 656 1687 falso
672 1616 795 1687 laetum
811 1642 881 1688 esse
897 1619 1114 1698 contenderet,
1129 1619 1274 1686 Aristoni

216 1753 272 1837 qui
302 1746 478 1816 notandum
512 1766 584 1813 eum
618 1751 785 1810 curaverat
818 1746 885 1811 sive
912 1766 1021 1813 errore
1050 1744 1115 1810 sire
1142 1744 1274 1811 oonsilio

216 1901 281 1946 non
297 1872 544 1966 ψευύεγγρωφῆς
558 1869 716 1935 actionem
739 1891 823 1954 quae
844 1870 878 1935 in
900 1869 963 1936 hac
985 1890 1022 1936 rc
1045 1869 1115 1935 sola
1128 1869 1273 1952 legitima

215 2000 377 2070 accusatio
436 2001 521 2073 erat,
572 1994 630 2060 sed
687 1991 887 2079 βουλεύσεως
942 1993 1090 2061 intendit.
1166 1994 1273 2079 Atque

214 2126 310 2193 talem
333 2120 481 2189 similium
502 2116 674 2184 accusandi
694 2138 845 2201 generum
868 2116 1085 2183 confusionem
1112 2116 1168 2184 illo
1190 2122 1273 2183 tem-

213 2271 302 2335 pore,
323 2267 387 2332 quo
409 2250 460 2311 tot
479 2248 602 2310 veteres
623 2244 710 2328 leges
733 2265 807 2310 cum
835 2244 924 2310 novis
954 2250 1169 2312 commutatae
1196 2251 1274 2311 sunt

214 2375 341 2459 saepius
364 2369 514 2437 accidisse
536 2368 620 2436 inter
643 2390 752 2435 omnes
767 2374 900 2436 constat
946 2368 1015 2449 Quo
1034 2368 1161 2454 quidem
1178 2390 1273 2454 spec·

213 2505 284 2566 tare
306 2495 383 2562 mihi
411 2494 537 2562 ridetur
565 2495 655 2562 locus
685 2516 779 2580 quam
807 2496 893 2579 apud
921 2495 1050 2581 Lysiam
1075 2496 1209 2581 legimus
1237 2498 1273 2563 in

212 2623 325 2709 fragm.
348 2627 429 2688 orat.
452 2619 524 2708 περὶ
547 2622 651 2697 οἰκίας
674 2618 754 2709 πρὸς
770 2620 961 2710 Ἰσοκράτην.
976 2621 1017 2686 fr.
1033 2620 1136 2688 LXIV
1150 2620 1273 2707 Sauppe

214 2746 294 2813 (lum
315 2745 400 2811 enim
430 2743 550 2810 oratori
581 2743 621 2808 de
656 2743 724 2809 sola
758 2745 864 2819 αἰκίας
895 2744 1020 2809 actione
1052 2744 1274 2812 disserendum

213 2876 306 2948 esset,
328 2866 449 2956 ὕβρεως
471 2867 605 2932 actionis
628 2867 786 2933 rationem
809 2868 854 2932 illi
877 2867 1072 2934 simillimam
1086 2868 1272 2937 etfortasse

213 3016 286 3061 cnm
309 3014 349 3059 ea
370 2996 526 3058 mutatam
550 2988 690 3056 breviter
712 2992 890 3075 explicavit
936 2993 1056 3072 Quodsi
1078 2992 1173 3059 huius
1196 3015 1272 3062 ora·

212 3120 309 3185 tionis
328 3124 440 3183 auctor
452 3114 651 3201 βουλεύσεως
667 3114 794 3206 γραφήν
806 3116 848 3182 ab
864 3118 1076 3202 Aristogitone
1090 3118 1272 3184 institutam

213 3264 284 3310 esse
306 3240 473 3307 confirmat
495 3238 643 3322 idemque
666 3237 706 3304 de
734 3243 841 3330 γραφῇ
872 3244 1115 3332 ψευδεγγροφῆς
1140 3243 1270 3326 cogitat,

112 3384 114 3388 ’
212 3372 338 3432 tantum
360 3362 521 3440 abaetat
543 3382 614 3426 cum
636 3361 781 3429 Boelrhio
804 3365 1166 3450 scriptoremquendam
1192 3367 1271 3432 iuris
1371 3384 1372 3437 ζ

212 3490 357 3572 ignarum
389 3494 558 3570 utramque
589 3471 755 3554 actionem
786 3490 964 3558 confudisse
999 3513 1196 3569 censeamus,
1233 3498 1271 3558 ut

213 3617 370 3678 oratorem
410 3631 483 3676 cum
517 3610 620 3678 obiter
647 3617 772 3678 tantum
800 3635 867 3679 rem
895 3615 1067 3699 attingeret
1101 3614 1135 3680 id
1163 3615 1272 3700 ipsum
1370 3654 1371 3657 =

212 3735 382 3802 accusandi
409 3757 523 3819 genus,
552 3758 616 3820 quo
647 3738 820 3822 Aristogito
848 3746 963 3806 contra
986 3740 1166 3807 Aristonem
1194 3762 1272 3808 usus

212 3864 291 3937 erat,
313 3858 459 3925 attulisse
482 3860 726 3927 contendamus.

299 3982 411 4065 Neque
440 3983 542 4048 minus
570 3989 691 4050 certum
727 4006 795 4051 esse
829 3986 905 4051 mihi
940 3986 1073 4067 videtur,
1107 3987 1193 4072 quod
1227 3988 1270 4054 de
