2768 4520
131 388 265 465 actiodis
288 401 401 463 auctor
428 394 539 461 fuisset
565 395 772 479 inprimisque
801 415 840 459 ea
872 414 957 478 quae
980 395 1021 460 ad
1053 395 1185 480 ἔνδειξιν

129 521 317 604 spectabant
345 520 553 604 exposuisset,
580 523 825 585 consentanea-m
848 538 919 584 esse
952 517 1029 585 mihi
1058 519 1186 586 videtur

129 644 316 728 omnesqui
338 643 439 709 secuti
462 648 539 708 suut
567 647 719 719 oratores,
746 640 791 706 ad
819 641 909 707 illum
936 643 1039 727 ipsum
1069 665 1183 728 provo-

129 788 227 839 casse.
272 768 406 836 Accedit
431 768 636 852 quodetiam
666 766 845 833 Dinarchus
873 767 1052 852 Lycurgum
1081 769 1185 834 solum

2 960 3 963 ,
97 893 352 987 Aristogitonis
398 899 616 962 accusatorem
657 893 803 958 nominat
849 891 941 978 (orat
977 893 1009 957 in
1047 890 1183 978 Aristog.

2 1062 3 1113 ᾧ
128 1017 242 1102 sur·
968 1063 970 1066 >

195 1140 316 1209 Deinde
331 1162 397 1208 non
412 1149 461 1208 est
477 1162 532 1209 eur
554 1142 587 1206 in
602 1160 640 1207 ee
667 1139 875 1217 offendamus,
897 1139 983 1225 qued
1007 1139 1047 1206 de
1062 1140 1185 1207 Aristo

128 1263 236 1348 gilone
249 1265 407 1349 prioribus
419 1264 602 1332 criminibus
614 1263 760 1331 absoluto
777 1263 866 1349 apud
877 1269 1037 1330 oratorem
1052 1265 1190 1350 legimus

127 1389 224 1471 §2st
270 1388 356 1457 Nam
377 1389 504 1455 etiarnsi
526 1393 636 1455 orator
657 1389 713 1473 qui
729 1395 831 1454 antea
853 1388 1001 1455 disseruit
1034 1391 1084 1456 his
1108 1388 1186 1456 oon-

128 1515 244 1583 tran'a.
263 1520 375 1583 narret
407 1515 468 1600 (or.
490 1513 508 1580 I
530 1518 551 1596 ξ
572 1513 646 1592 67),
666 1513 700 1578 id
723 1519 808 1579 certe
831 1534 894 1580 non
922 1515 1007 1580 tanti
1035 1516 1185 1583 momenti

131 1644 191 1717 est,
214 1647 251 1705 ut
273 1639 375 1705 oratio
397 1638 470 1705 ideo
493 1637 601 1721 spuria
627 1637 776 1704 habenda
804 1639 854 1703 sit
903 1638 980 1719 Quis
1010 1640 1094 1706 enim
1117 1639 1186 1708 dis·

133 1769 243 1847 reptet
263 1771 336 1830 uter
357 1783 466 1829 rerum
488 1760 674 1828 tradiderit?
707 1761 823 1828 Annon
839 1763 955 1846 prioris
970 1763 1066 1829 verba
1078 1766 1186 1830 causi-

133 1885 275 1953 dirorum
296 1907 384 1955 more
405 1887 453 1953 it'a
474 1886 562 1952 dieta
585 1906 656 1951 esse
678 1893 828 1969 possunt,
856 1893 894 1952 ut
919 1886 1037 1953 verum
1057 1887 1185 1973 quidem

133 2017 166 2078 et
200 2012 320 2078 iustum
353 2011 548 2095 neglegatur,
579 2011 626 2075 vis
658 2017 769 2077 contra
791 2017 826 2076 et
847 2007 987 2095 gravitas
1007 2015 1186 2097 argumenti

132 2135 309 2218 augeatur?
359 2135 473 2219 Neque
499 2156 574 2201 vero
602 2135 747 2201 omittere
769 2154 908 2219 possum,
938 2136 1025 2220 quod
1054 2138 1187 2221 legimus

131 2256 338 2345 ,Μιλτιάδην
352 2259 404 2324 καὶ
419 2260 579 2343 Περικλέα
594 2257 783 2343 ὀφείλοντας
798 2256 853 2324 τὸν
867 2255 929 2343 μὲν
943 2258 1188 2346 aramei»

2 2438 3 2455 ι
53 2378 57 2392 '
129 2381 167 2451 ds*
187 2380 379 2473 πεινιήκοντα
393 2377 528 2448 maara
550 2380 729 2462 ἐκτίσαντας
748 2381 836 2451 ὀὕτω
857 2386 1050 2473 δημηγορῶν
1078 2387 1185 2474 (9-6),

2 2514 3 2573 ἶ
132 2508 221 2587 Quae
253 2506 350 2571 verba
377 2504 465 2589 qnod
494 2506 536 2571 ad
569 2507 746 2573 Miltiadem
780 2515 916 2593 spectat,
945 2509 1039 2593 plane
1068 2534 1186 2580 avere

2 2636 3 2661 ³
132 2636 304 2702 abhorrere
326 2633 481 2698 videntur.
527 2630 663 2699 Constat
686 2635 769 2699 enim
797 2656 836 2700 ex
859 2635 1023 2701 Herodoto
1051 2638 1185 2722 aliisque

7 2816 10 2833 ,
133 2758 336 2843 scriptoribus
352 2757 410 2846 (ef.
428 2757 547 2823 Herod.
560 2759 615 2836 VI,
629 2759 700 2825 136.
715 2761 797 2825 Plut.
814 2759 892 2825 dim.
909 2762 939 2825 4.
957 2760 1036 2846 Nep.
1050 2761 1127 2828 Cim.
1151 2767 1185 2851 1)

134 2884 276 2949 Miltiade
299 2883 332 2947 in
355 2883 466 2947 vinclis
489 2888 615 2949 mortuo
639 2884 802 2950 Cimonem
823 2887 1000 2969 pecuniam,
1016 2907 1081 2970 qua
1094 2894 1187 2971 pater

133 3008 285 3073 multatus
307 3010 386 3082 erat,
417 3004 556 3070 solvisse.
607 3005 688 3083 Quid
717 3011 822 3070 autem
849 3007 991 3090 impedit,
1017 3010 1186 3092 quominus

133 3154 206 3197 cnm
226 3129 385 3196 Boeolrhio
423 3129 587 3214 (Staalslr.
610 3133 633 3192 t.
663 3128 731 3211 Ip.
764 3128 828 3192 505
864 3134 926 3211 sq.)
959 3137 1071 3213 paeter
1101 3133 1185 3200 hanc

131 3258 229 3322 aliam
250 3255 406 3339 fingamus
434 3254 568 3318 multam
590 3254 653 3318 iam
686 3254 776 3337 prius
803 3275 823 3318 a
851 3255 995 3323 Miltiade
1028 3253 1186 3326 solutam?

132 3387 179 3447 Ac
201 3402 241 3445 ne
268 3380 330 3444 hac
357 3378 487 3462 quidem
515 3380 696 3444 coniectura
723 3399 802 3463 opus
831 3383 888 3444 est.
941 3379 1073 3448 Constat
1101 3385 1185 3451 euim

2 3548 3 3551 =
131 3524 286 3591 persaepe
309 3510 452 3571 oratores
475 3507 540 3571 sive
562 3527 638 3571 casu
659 3507 724 3571 sive
747 3506 877 3572 consilio
906 3527 958 3572 res
980 3509 1185 3591 perturbasse

132 3633 293 3716 falsasque
307 3650 364 3697 eas
381 3636 413 3695 et
435 3631 560 3715 ineptas
575 3629 751 3696 tradidisse.
797 3632 843 3698 Ut
858 3632 1024 3715 perspicuo
1040 3636 1185 3720 exemplo

133 3760 215 3834 utar,
229 3734 337 3824 videas
353 3756 507 3821 orationis
523 3755 720 3822 Andocidiae
736 3755 776 3821 de
792 3778 871 3840 pace
887 3758 935 3836 §3
949 3778 995 3841 sq.
1007 3764 1039 3823 et
1056 3760 1185 3826 Aeschi-

131 3881 181 3947 nis
209 3879 248 3948 de
274 3881 355 3946 falsa
383 3880 542 3964 legatione
573 3885 593 3963 ξ
619 3881 801 3946 its-176.
840 3883 878 3947 In
906 3881 1019 3966 quibus
1042 3850 1210 3966 quamvis⁸

132 4003 221 4070 Cimo
254 4010 286 4068 et
318 4004 476 4070 Miltiades
508 4005 564 4068 viri
601 4012 668 4070 tam
703 4006 842 4072 illustres
876 4006 1084 4091 omnibusque
1118 4010 1186 4074 noti
