2768 4520
1138 162 1177 226 31

129 374 273 437 constat,
305 369 440 437 Omnino
464 370 632 454 expeditus
654 375 701 437 est
716 389 824 435 sermo
839 367 1054 453 perfacileque
1069 376 1180 449 currit3

7 454 9 509 ἓ
128 494 208 559 nihil
229 494 314 559 inest
333 495 447 577 inepti,
469 494 547 559 nihil
570 493 647 571 fere,
685 493 772 575 quod
794 493 853 557 fori
877 493 1181 579 eloquentiaindig-

129 638 205 682 num
227 618 275 681 sit.

174 742 345 811 Accedunt:
354 741 417 809 alie
427 741 546 806 leviora
558 741 642 807 unde
654 739 733 805 milri
746 760 898 824 apparere
910 739 1054 805 videatur
1064 744 1182 810 oratio-

128 888 202 933 nem
221 869 262 932 in2
276 867 331 931 illa
352 868 423 949 ipsa
445 865 669 948 Aristogitonis
691 883 790 929 causa
811 861 955 933 habitam
976 880 1069 930 esse:
1085 867 1183 933 Verbi

129 1013 229 1057 causa
261 991 340 1057 illud
376 987 467 1074 ὑμεῖς
495 987 694 1078 cirenceastre
718 988 840 1075 ἀρτίως,
864 989 895 1055 ei
914 989 976 1055 τῶν
996 985 1052 1057 τὸν
1072 988 1184 1076 decurro

129 1114 290 1202 φερόντων
316 1117 362 1191 εἰς
390 1113 448 1206 τὴν
477 1119 634 1205 σωτηρίαν
657 1113 742 1202 αὐτῷ
764 1122 934 1203 κατηγορεῖ
951 1118 985 1200 (ξ
1000 1114 1059 1200 58)
1079 1137 1201 1189 noune¹

128 1238 181 1304 ita,
197 1260 254 1307 nos
272 1238 315 1302 ¹in
343 1238 463 1303 medies
492 1257 543 1302 res
575 1238 758 1315 introducit,
774 1244 823 1302 -ut
849 1238 951 1304 iratos
973 1238 1182 1309 Athenienses

130 1362 306 1445 ipsioculis
324 1367 470 1445 spectare
486 1360 584 1426 >nobis
606 1360 789 1427 videamur?
812 1364 862 1425 An
885 1362 1184 1433 veroullumhabes

130 1488 316 1568 posterioris
332 1486 447 1550 aetatis
461 1485 631 1562 rhetorem,
644 1486 699 1568 qui
714 1490 781 1551 tam
797 1484 936 1552 dilucide
950 1491 1078 1568 tamque
1091 1510 1183 1554 accu-

130 1618 322 1679 ratemores
339 1609 666 1692 consuetudinemque
687 1609 749 1679 fori
772 1607 935 1675 scribendo
952 1609 1098 1682 imitatus
1122 1615 1183 1679 sit?

219 1732 370 1803 Oratores
394 1738 430 1797 ut
451 1732 547 1805 verba
568 1753 627 1797 sua
648 1731 833 1814 probarent,
862 1734 988 1816 saepius
1009 1735 1105 1817 leges,
1128 1737 1184 1802 de-

131 1865 228 1934 creta,
254 1864 354 1923 testes
382 1857 616 1940 producebant:
648 1879 743 1941 quam
771 1857 898 1941 quidem
927 1862 1186 1931 consuetudinem

131 1983 226 2046 etiam
249 1982 342 2047 huius
366 1982 520 2049 orationis
542 1987 653 2048 auctor
675 1990 803 2055 secutus
818 1989 876 2048 est
914 1984 1065 2051 Producit
1079 1986 1185 2061 hemiq

7 2138 8 2141 ¹
129 2127 212 2184 nem,
236 2106 290 2188 qui
313 2107 428 2188 sepulti
449 2106 549 2188 patris
564 2106 741 2173 mercedem
756 2128 819 2173 non
833 2115 1013 2191 acceperat,
1029 2111 1184 2177 arbitrum

130 2232 204 2308 litis,
231 2252 327 2314 quam
349 2230 449 2296 frater
470 2231 675 2314 Aristogitoni
696 2237 829 2315 propter
851 2231 1184 2302 venumdatum-soro-

132 2376 200 2419 rem
212 2354 395 2426 intenderat
411 2355 542 2437 eiusque
563 2357 666 2438 ipsam
682 2356 925 2437 accusationem,
941 2357 1058 2427 Zubiae
1073 2365 1197 2443 patro,¹

131 2502 216 2557 num,
228 2478 422 2559 ,venditores
438 2478 481 2543 ed
497 2500 576 2562 quos
599 2480 687 2543 illam
704 2479 893 2558 adduxerat,
906 2480 1063 2548 hominem
1080 2483 1184 2553 Tana-

130 2603 452 2689 graeum-decretum
474 2603 611 2685 denique
636 2624 761 2680 eorum,
790 2606 845 2686 qni
874 2605 1185 2691 commitstuntur

129 2733 162 2795 in
185 2749 311 2797 carcere
334 2727 469 2795 fuerant
499 2728 554 2813 (ξὲ
577 2726 630 2792 58.
647 2726 715 2812 62.)
736 2726 825 2817 Haec
849 2729 946 2812 igitur
973 2752 1012 2796 ea
1040 2735 1184 2813 munina,

131 2857 244 2940 quibus
260 2857 428 2941 ,Lycurgus
454 2875 602 2936 magnam
630 2854 676 2918 rei
705 2840 939 2938 improbitatem
959 2855 1184 2938 illustraverat,

132 2980 363 3057 confirmabant
373 2985 406 3043 et
419 2981 457 3045 iis
469 3000 552 3054 nove
561 2982 747 3059 argumenta
759 2981 982 3064 adiungebant
999 2983 1087 3060 Quae
1099 2988 1185 3068 quod

130 3107 251 3177 leviora
273 3111 356 3187 sunt,
377 3106 504 3170 minime
527 3124 613 3168 curo.
659 3103 742 3168 Nam
757 3105 878 3188 exipsa
893 3107 1036 3175 oratione
1050 3119 1186 3194 apparet

131 3230 328 3312 Lycurgumv
345 3229 466 3305 omnia,
503 3242 595 3310 quae,
618 3227 659 3292 ad
694 3228 798 3295 litem«
820 3229 1023 3311 pertinerent,
1058 3236 1184 3319 copiose

130 3353 320 3435 penitusque
333 3353 555 3437 pertractasse
578 3361 614 3418 et
630 3359 730 3419 testes
753 3355 868 3423 citasse
890 3355 1120 3441 Aristogitonis⁴
1134 3363 1184 3428 fa·

133 3478 280 3551 pinorum.
326 3476 371 3547 cf,
387 3482 433 3559 §q
454 3479 481 3540 1.
507 3479 557 3542 14.
582 3479 634 3543 38.
658 3478 924 3561 ansquoace.
954 3481 995 3545 97
1025 3490 1063 3549 et
1086 3508 1130 3551 or.
1152 3488 1185 3553 11

131 3603 165 3667 in
187 3601 327 3681 ‚Aristop
351 3604 370 3682 ξ
396 3600 446 3665 16.
492 3601 597 3665 Pauca
620 3602 716 3684 igitur
746 3603 786 3677 ei,
813 3605 867 3684 qui
891 3604 1044 3670 secundas
1077 3615 1185 3689 partes

134 3725 208 3806 egit,
228 3724 488 3807 relinquebantur
510 3748 592 3809 quae
615 3700 783 3809 proferret.

232 3846 264 3910 Si
299 3870 349 3913 res
389 3848 568 3931 quaerimus
601 3871 681 3931 quas
715 3858 825 3914 orator
858 3857 977 3916 tractat
1010 3853 1087 3931 nihil
1105 3854 1185 3920 ‘sere

130 3974 320 4053 invenimus,
368 3973 452 4055 quod
498 3972 536 4035 ab
572 3995 631 4071 usu
676 3975 965 4058 consuetudineque
1003 3978 1185 4063 Lycurgeae
