2768 4520
171 99 225 159 -18

185 305 340 391 μειζόνων
362 304 549 389 ἀξιώσαντες
577 309 710 392 δωρεῶν.
730 306 870 397 ἀφήσετε
900 304 941 383 οῖς
968 307 1051 384 τούς,
1068 307 1244 395 adseritur:

187 432 358 510 Quo-loeo
372 451 565 514 quamquam
589 432 727 510 fuerunt,
737 433 815 514 qui
828 432 973 515 genetivo
1002 418 1058 499 dv·
1074 431 1242 499 scribendo

185 557 379 621 rarissimum
394 556 570 638 particulae
585 578 676 623 usum
691 563 901 636 removerent,
913 563 1023 624 tamen
1038 580 1111 624 oum
1126 558 1242 625 Schoe-

184 705 301 751 manno
323 680 471 764 equidem
491 680 586 753 facio,
609 683 675 764 qui,
688 678 730 756 οἷς
753 671 943 747 servandum
971 702 1040 747 esse
1069 684 1165 748 certis
1189 703 1242 747 ar·

185 808 341 892 gumentis
362 804 511 889 probavit
531 803 738 891 (Redetlreile
759 828 790 889 p.
814 806 877 872 237
901 809 975 893 sq).

270 931 498 999 Formudailla
514 931 651 1005 καλῶς
680 933 817 996 ποιῶν
833 953 920 1016 „qua
945 932 1107 998 indicatur
1134 932 1242 997 faeere

185 1062 324 1142 aliquem
344 1056 376 1120 id
399 1056 483 1139 quod
516 1064 573 1120 aut
595 1054 655 1121 sibi
677 1057 750 1140 ipsi'
766 1057 965 1123 commodum
993 1065 1041 1123 est
1069 1064 1126 1125 eut
1140 1116 1143 1121 .
1156 1057 1240 1140 quod

185 1190 217 1251 is
233 1187 288 1271 qui
314 1182 456 1265 loquitur
483 1180 555 1249 fieri
577 1186 668 1264 optet
691 1188 724 1247 et
745 1183 926 1267 gaudet“*)
948 1185 981 1249 in
1009 1184 1070 1249 hac
1098 1181 1242 1246 oratione

186 1315 217 1395 (g
241 1309 299 1393 9⁷7)
320 1306 423 1373 verbis
447 1304 501 1370 καὶ
521 1305 624 1380 καλῶς
640 1304 744 1373 ἐποίει
763 1307 896 1373 liberius
922 1307 1078 1383 redditum
1101 1305 1135 1371 id
1156 1305 1242 1390 quod

186 1433 264 1498 setis
285 1424 366 1495 raro'
387 1427 472 1511 apud
500 1426 748 1494 Demosthenem
778 1437 949 1514 comparet.
986 1430 1033 1496 ot:
1047 1450 1091 1495 or.
1115 1452 1143 1493 o.
1165 1429 1241 1494 Mid.

186 1563 209 1638 ξ
228 1557 301 1620 212.
326 1557 358 1617 et
379 1552 559 1617 Psd-Dem.
584 1574 628 1618 or.
652 1555 685 1617 in
707 1556 789 1621 Phil.
813 1555 859 1620 IV
882 1565 900 1635 ς
929 1557 994 1622 38.·'

274 1677 416 1744 Verbum
444 1679 592 1761 κρίνειν
628 1679 831 1743 existimandi
865 1680 1094 1761 significatione
1131 1684 1164 1767 (ξ
1186 1682 1244 1769 42)

187 1804 416 1870 Demosthenes
428 1804 553 1867 omnino
565 1823 629 1867 non
640 1805 812 1886 usurpavit
836 1803 947 1886 Neque
965 1825 1040 1870 vero
1056 1805 1098 1871 ab
1111 1807 1243 1872 Attico·

189 1927 260 1996 rum
285 1950 429 1995 sermone
451 1928 548 1992 istum
560 1950 649 1993 usum
659 1928 836 1994 abhorrere
858 1930 997 2012 probent
1016 1929 1111 1996 Thuo.
1134 1931 1178 2007 Π,
1192 1931 1245 1994 40.

187 2058 266 2121 Xen.
289 2054 368 2138 bys
381 2054 438 2131 ΙΗ,
461 2056 491 2131 1,
514 2055 565 2119 34.
589 2053 759 2137 ΡΙισννσρ.
785 2055 811 2116 V
835 2076 865 2137 p.
889 2055 1013 2120 569113.

273 2179 406 2261 Saepius
444 2200 463 2242 a
495 2176 672 2241 veteribus
697 2178 993 2263 recentioribusque
1028 2181 1242 2261 grammaticis

64 2368 67 2377 ,
185 2311 332 2369 notatum
345 2308 393 2366 est
405 2299 591 2365 adverbium
606 2295 707 2383 ἁμοῦ
719 2303 754 2385 (ξ
765 2301 823 2385 51)
833 2302 927 2366 simili
939 2301 1034 2366 modo
1047 2309 1145 2385 atque
1153 2301 1243 2387 ἐγγύς

186 2452 258 2494 oum
268 2428 405 2492 momine
427 2425 586 2490 numerali
601 2426 811 2490 coniunctum.
835 2426 874 2491 of.
890 2426 1043 2510 Harpoer.
1054 2449 1082 2491 s.
1098 2450 1131 2489 v:
1143 2423 1242 2509 o‘pori:

184 2554 402 2642 Δημοσθένης
423 2548 460 2617 ἐν
480 2552 523 2636 uqi
544 2550 612 2615 κατ’
631 2548 886 2636 Ἀρισιογείτσνός
910 2569 1018 2639 φησιν.
1052 2549 1141 2617 εἰσὶν.
1158 2547 1243 2634 ὁμοῦ

187 2673 343 2762 reptem
372 2700 399 2737 ι.
432 2697 468 2756 ι,
489 2674 517 2737 ι.
571 2642 659 2736 suis.
687 2686 711 2736 ι
735 2695 762 2736 ι.
797 2672 889 2750 qnos
927 2673 1055 2755 queem
1093 2673 1135 2738 ab
1172 2675 1243 2741 aris

187 2806 311 2884 quoque
343 2796 553 2880 scriptoribus
575 2798 700 2879 ,Atticis
735 2797 911 2862 adhibitum
945 2796 1044 2860 fuisse
1077 2797 1177 2864 schol.
1203 2799 1245 2863 ad

187 2930 238 2992 Ar.
266 2926 362 3008 equit.
407 2923 476 2988 245.
502 2922 649 3024 adnotat:
689 2919 731 2989 ’τὸ
755 2918 837 3006 ὁμοῦ
859 2924 1007 3005 λέγουσιν
1033 2921 1245 2989 haenel-dori

186 3055 241 3117 τοῦ
264 3047 366 3133 ἐγγύς,
391 3043 432 3122 αἷς
454 3046 490 3116 ἓν
503 3045 633 3136 Εἰρήνῃ.
659 3048 701 3131 (v.
716 3048 795 3126 513>
812 3047 875 3112 Καὶ
890 3044 955 3135 μὴν
977 3041 1158 3129 ὁμοῦἶστνν
1176 3045 1244 3135 dds:

187 3175 279 3258 Apud
293 3171 539 3237 Demosthenem
555 3171 672 3235 frustra
687 3170 721 3233 id
729 3190 883 3252 quaeras.
899 3169 941 3233 ef.
956 3169 1246 3236 omninodchaefer

188 3269 353 3383 repperit.
377 3304 400 3360 t.
424 3295 468 3363 IV
491 3320 520 3379 p.
537 3297 611 3360 344
634 3317 684 3375 sq.
776 3350 779 3355 ,

289 3416 549 3485 Animadvertes.
587 3420 702 3484 etiem,
731 3420 910 3501 ellipsin,
960 3440 1042 3503 quae
1084 3420 1168 3485 inest
1213 3420 1247 3483 in

188 3544 291 3612 vorbis
336 3532 454 3625 πάννεζ
477 3528 564 3608 οὗτοι
597 3543 763 3608 συνεστᾶσι
791 3550 808 3620 ξ
838 3543 889 3608 64.
935 3543 1127 3621 „Desideras
1156 3541 1248 3607 addi·

187 3675 362 3736 tamentum
385 3668 523 3750 aliquod,
547 3673 583 3730 ut
603 3665 655 3735 ἐπ’
672 3664 799 3754 ὀλέθρῳ
816 3669 871 3756 τῆς
894 3665 1018 3742 πόλεως
1035 3668 1085 3732 vel
1101 3668 1249 3731 similia.“

261 3936 385 3998 ⁶)ef.t1'.
407 3936 539 3986 Hermann.
560 3935 590 3984 ed
615 3936 696 3998 Vigor.
717 3951 740 4001 p.
763 3936 822 3985 779.
