2768 4520
1156 139 1200 203 43

145 359 212 419 tam
234 361 304 421 arte
327 377 399 422 eum
419 355 647 440 ¹Aristogitonis
668 352 763 420 rebus
785 354 948 420 maneti
975 357 1050 418 sunt
1064 358 1203 436 *tamque

145 481 220 560 apte
251 477 295 545 ab
326 485 454 546 oratum
486 479 640 556 citantur,
677 484 714 543 ut
742 497 839 544 nemo
878 476 941 541 nisi
982 475 1206 560 praeiudioata

146 601 296 684 opinione
318 600 434 668 duetus
455 601 488 666 in
510 602 549 667 iis
572 600 746 667 offensurus
766 602 819 667 eit.

234 728 398 797 Nonnulla
420 728 557 812 denique
579 726 694 803 habeo,
716 748 799 811 quae
821 725 863 808 de
881 724 1035 791 Dinarchi
1052 723 1202 790 aduersus

146 847 396 935 Aristogitonem
417 854 564 921 oratioue
584 851 712 917 addam.
757 852 795 916 In
818 871 884 934 qua
906 871 977 915 eum
1003 848 1124 916 multae
1151 850 1202 914 in·

147 973 211 1045 sint
233 982 266 1040 et
285 996 341 1042 res
365 982 397 1042 et
430 977 634 1054 sententiae,-
654 995 737 1059 quae
759 975 858 1040 etiam
881 974 915 1038 in
938 973 1085 1039 oratione
1106 993 1203 1057 quam

147 1116 204 1162 nos
219 1103 396 1166 traetamus
419 1101 576 1183 leguntur,
602 1100 858 1167 woutermannus
875 1097 993 1182 aliique
1010 1102 1208 1182 putauerunt

147 1219 221 1287 hine
229 1224 428 1306 potissimum
437 1222 601 1290 rhetorem
612 1240 706 1306 quem
718 1227 868 1287 statuunt
878 1242 937 1287 sua
946 1221 1100 1288 hausisse
1114 1219 1210 1300 Quod

147 1365 244 1428 quam
270 1341 426 1414 audenter
451 1347 682 1426 contenderint,
710 1347 824 1431 pausis
850 1346 1026 1412 eamdam.
1043 1400 1048 1407 .
1063 1347 1210 1417 Primum

148 1471 248 1538 sires
269 1473 429 1551 videmus,
452 1492 531 1556 ques
560 1477 668 1538 orator
694 1471 822 1549 attulit,
850 1469 978 1537 omnino
1002 1487 1072 1536 non
1092 1471 1208 1550 vmnor,

148 1595 236 1677 quod
263 1595 350 1667 adeo
375 1618 447 1669 eum
468 1599 507 1663 iis
529 1603 716 1680 congruant,
744 1616 829 1681 quae
853 1594 1034 1662 Dinarelrus
1056 1603 1202 1671 memet:

148 1727 242 1789 erant
262 1724 346 1789 enim
369 1722 456 1808 apud
476 1743 588 1789 omnes
607 1727 708 1788 notae
727 1719 968 1805 olarieslmsque
979 1718 1207 1805 Aristogitonis

150 1864 254 1910 mores
269 1847 480 1914 illustrabant
503 1846 624 1913 Videas
635 1846 837 1913 ferocitatem
852 1846 966 1912 eiusin
976 1850 1102 1928 putrem
1112 1866 1204 1910 mon-

150 1973 296 2049 stratam,
311 1990 408 2054 qnam
417 1969 594 2036 identidem
609 1991 631 2036 a
641 1970 786 2045 testibus
795 1968 990 2036 affirmatam
1004 1989 1075 2036 esse
1086 1968 1207 2035 Dinar-

148 2092 226 2158 olrus
239 2093 355 2167 diserte
367 2095 480 2179 arguit.
501 2096 538 2181 (β
548 2094 594 2180 8.)
617 2093 729 2178 Neque
743 2093 845 2176 magis
859 2093 1026 2178 Lyeurgus
1036 2115 1110 2160 eam
1120 2114 1207 2161 eom·

12 2220 14 2231 '
148 2238 326 2286 memorare
349 2222 507 2298 omiserat,
529 2225 567 2284 ut
588 2240 629 2285 en
650 2218 753 2284 verbis
773 2218 842 2284 eius
860 2217 996 2302 ,quiilli
1017 2218 1051 2281 in
1071 2217 1208 2287 dicendo

123 2348 129 2358 ’
149 2343 303 2411 suooessit
318 2341 456 2407 dilucide
467 2349 613 2426 apparet.
631 2344 662 2428 (ς
673 2343 742 2429 54.)
767 2341 848 2408 Tum
864 2362 1016 2425 eompauu
1031 2341 1110 2408 duas
1123 2342 1207 2408 inter

148 2485 186 2530 se
206 2465 414 2544 narrationes,
436 2485 518 2549 quas
538 2451 636 2543 ethio
652 2465 998 2541 manserimus
1021 2465 1062 2541 ds
1079 2466 1205 2533 Aristo·

148 2589 258 2674 mione
280 2588 393 2657 uioelis
411 2588 565 2655 mandato
588 2589 799 2656 tradiderunt
850 2589 929 2656 Cum
956 2610 1042 2655 unus
1067 2590 1207 2663 breuiter

148 2712 244 2780 modo
265 2735 362 2798 graue
384 2713 470 2780 illius
494 2711 597 2780 aeolus
618 2713 784 2798 signifieat,
803 2715 886 2781 alter
906 2713 1002 2799 plane
1015 2714 1209 2800 eopioseque

149 2838 192 2904 de
204 2859 242 2904 oo
258 2838 388 2905 disserit
403 2843 500 2923 utque
514 2840 572 2918 ita,
596 2847 635 2907 ul
646 2860 713 2906 non
726 2841 897 2924 loquaaem
911 2845 947 2906 st
958 2840 1090 2905 inanem
1102 2842 1207 2926 serip-

148 2974 262 3041 torem‚
286 2961 342 3027 sed
366 2967 526 3026 oratorem
541 2960 696 3026 disertum
710 2962 880 3044 uerbisque
895 2961 1208 3044 exuaditumaudire

149 3092 183 3151 te
205 3092 306 3170 putes.
358 3086 473 3170 Itaque
501 3107 564 3169 quo
594 3087 722 3170 saepius
749 3087 915 3169 utriusque
943 3087 1206 3173 sareapeglega

150 3231 188 3276 eo
216 3211 338 3277 firmius
361 3211 440 3276 mihi
476 3209 654 3296 persuadeo
689 3215 849 3277 oratorem
882 3212 988 3295 ipsum
1014 3213 1208 3279 narrationis

35 3343 40 3348 “
149 3340 311 3401 auctorem
326 3337 433 3403 fuisse.
479 3336 588 3420 Atque
604 3335 714 3401 eadem
727 3334 796 3401 fere
810 3336 892 3402 ratio
909 3342 1087 3411 ceterarum
1101 3359 1209 3411 uerum

150 3464 210 3538 est,
248 3479 332 3547 quae
357 3460 477 3525 similes
510 3460 597 3544 apud
630 3465 802 3543 utrumque
836 3466 1001 3526 oratorem
1030 3469 1209 3528 ooourrunt.

150 3580 232 3648 Nam
268 3581 354 3667 quod
384 3583 424 3650 de
451 3583 677 3667 Aristogitonis
710 3583 823 3669 eapitis
857 3582 1071 3650 deminutione
1105 3584 1209 3673 deque

151 3726 189 3772 so
212 3709 404 3793 magistratu
423 3708 552 3792 repulso
579 3708 664 3773 inter
684 3727 726 3775 ass
739 3715 938 3792 oenmuunt,
957 3709 1020 3777 hae
1042 3708 1135 3794 ipsae
1156 3733 1209 3779 res

149 3831 227 3896 mihi
250 3833 332 3900 tanti
347 3830 501 3917 *ponderis
525 3852 598 3898 esse
620 3830 777 3910 uidentur,
799 3837 836 3913 ut
850 3832 1009 3898 neminem
1024 3855 1064 3900 ea
1086 3835 1210 3901 Amsto-

153 3955 269 4038 gitonis
307 3936 518 4040 improbitatis
560 3955 733 4023 manifesta
769 3964 956 4041 argumenta
989 3928 1210 4045 'neglectuum
